1980 3097
861 188 1102 227 -25-

332 316 504 356 Cetera
543 331 698 370 quoque
736 319 950 358 luxuriae
989 319 1304 357 instrumenta
1347 318 1397 356 ab
1439 318 1487 356 iis
1526 316 1766 365 auctoribus,

200 385 300 424 quos
339 371 456 411 modo
485 374 801 422 commemoravi,
839 387 919 412 non
958 386 1071 412 secus
1111 375 1230 424 atque
1264 386 1288 411 a
1321 376 1455 411 nostro
1495 370 1765 422 repudiantur.

201 427 361 467 Mensae
390 427 497 466 omni
525 431 666 467 ornatu
693 428 908 468 instructae
936 428 1203 480 depinguntur
1235 429 1374 470 11.120
1394 441 1470 479 sq.:

461 502 517 542 At
543 516 652 543 nanc
678 503 863 543 divitibus
890 504 1059 544 cenandi
1086 503 1202 544 nulla
1231 503 1410 553 voluptas

464 588 675 597 ......
700 560 838 608 putere
865 558 1049 598 videntur

461 615 664 663 anquenta
692 615 727 651 et
753 624 874 660 rosae,
904 611 1000 651 latos
1027 612 1110 651 nisi
1136 612 1300 651 sustinet
1327 611 1432 651 orbes

458 666 611 718 yrande
635 666 730 706 ebur
756 668 792 705 et
817 678 961 717 mayno
986 665 1164 706 sublimis
1188 666 1341 716 pardus
1368 666 1482 706 hiatu

461 721 641 760 dentibus
666 733 713 760 ex
741 720 834 771 illis,
862 732 958 769 quos
985 720 1104 759 mittit
1129 723 1244 769 porta
1271 720 1415 770 Syenes

460 777 497 813 et
523 774 665 813 Mauri
692 774 824 813 celeres
850 777 886 812 et
912 773 1059 812 Mauro
1087 773 1284 813 obscurior
1311 773 1441 814 Indus
1469 787 1550 824 eqs.

329 830 403 868 127
469 857 681 868 ......
712 828 804 868 hinc
829 828 959 879 suryit
984 827 1151 879 orexis1)

464 882 556 922 hinc
580 882 773 922 stomacho
799 884 923 929 vires,·
951 894 1048 921 nam
1069 895 1139 931 pes
1166 885 1370 932 aryenteus
1397 882 1491 930 illis,

461 935 611 976 anulus
638 936 684 975 in
713 935 833 987 diyz'to
860 935 964 990 qaod
988 935 1150 985 ferreus.

203 1013 253 1053 cf.
288 1015 437 1056 11.175.
502 1013 630 1057 Quam
666 1012 876 1052 sollemnes
903 1013 1001 1051 tales
1029 1013 1209 1051 luxuriae
1248 1013 1525 1063 castigationes
1558 1013 1599 1051 in
1634 1013 1766 1051 decla-

201 1068 439 1106 mationibus
480 1067 805 1118 philosophorum
847 1070 1067 1115 occurrant,
1114 1066 1229 1105 facile
1268 1067 1433 1116 videbis,
1476 1067 1509 1105 si
1549 1067 1621 1106 hos
1659 1067 1766 1106 locos

203 1122 506 1174 comparaveris.
563 1121 663 1160 Mus.
699 1135 761 1172 ap.
793 1121 901 1160 Stob.
933 1122 1055 1164 85.20
1089 1120 1140 1172 (p.
1171 1123 1245 1160 147
1276 1120 1347 1171 Μ).
1404 1122 1474 1159 καὶ
1504 1122 1581 1173 μὴν
1609 1122 1765 1173 συνῳδὰ

202 1177 272 1214 καὶ
306 1182 474 1227 συγγενῆ
513 1182 560 1226 τῇ
591 1177 680 1227 περὶ
707 1177 778 1222 τὰς
806 1175 931 1221 οἰκίας
958 1175 1186 1226 πολυτελείᾳ
1215 1177 1283 1214 καὶ
1311 1178 1360 1214 τὰ
1394 1181 1471 1213 τῶν
1501 1180 1655 1214 σκευῶν
1688 1181 1765 1214 τῶν

199 1230 290 1269 κατ’
308 1230 434 1269 οἰκίαν
454 1230 629 1282 φαίνεται
649 1232 753 1276 ὄντα,
780 1230 908 1268 κλῖναι
927 1231 994 1268 καὶ
1013 1229 1203 1281 τράπεζαι
1229 1230 1297 1268 καὶ
1319 1229 1530 1281 στρώματα
1550 1228 1624 1268 κτλ
1627 1258 1763 1268 .....

202 1285 360 1323 κλῖναι
389 1286 457 1335 μὲν
484 1284 780 1335 ἐλεφαντίναι
808 1286 877 1322 καὶ
905 1285 1073 1334 ἀργυραῖ
1099 1285 1124 1334 ἢ
1152 1286 1196 1334 νὴ
1218 1284 1289 1322 Δία
1318 1290 1509 1335 χρυσαῖ,
1534 1284 1765 1334 τράπεζαι

198 1340 244 1378 δὲ
278 1338 556 1390 παραπλησίας
589 1337 693 1389 ὕλης,
731 1339 927 1388 στρωμναὶ
963 1338 1005 1375 δὲ
1042 1337 1241 1389 ἁλουργεῖς
1277 1339 1346 1376 καὶ
1386 1337 1517 1376 ἄλλων
1555 1337 1766 1389 χρημάτων

203 1392 481 1444 δυσπορίστων.
512 1414 564 1419 -
598 1392 675 1430 Dio
706 1391 798 1430 Chr.
827 1391 942 1430 XIII.
973 1392 1025 1430 34
1054 1406 1092 1443 p.
1123 1393 1197 1430 251
1228 1391 1284 1430 D:
1313 1389 1425 1443 Ὅσῳ
1454 1394 1527 1443 γὰρ
1561 1394 1619 1438 ἄν,
1658 1393 1765 1444 ἔφην,

202 1447 344 1485 πλείων
373 1446 399 1496 ἥ
428 1458 469 1483 τε
500 1446 659 1496 ἀνδρεία
686 1447 755 1484 καὶ
773 1446 799 1496 ἡ
820 1445 1043 1496 δικαιοσύνη
1072 1446 1139 1483 καὶ
1163 1446 1189 1495 ἡ
1213 1445 1444 1496 σωφροσύνη
1469 1446 1646 1496 γίγνηται
1670 1442 1765 1496 παρ’

202 1501 300 1552 ὑμῖν,
337 1500 508 1551 τοσούτῳ
547 1500 706 1539 ἔλαττον
736 1500 846 1538 ἔσται
873 1499 916 1538 τό
945 1512 987 1538 τε
1016 1499 1197 1551 ἀργύριον
1231 1501 1300 1538 καὶ
1333 1501 1377 1537 τὸ
1416 1499 1578 1552 χρυσίον
1618 1500 1686 1538 καὶ
1719 1501 1768 1538 τὰ

203 1555 430 1606 ἐλεφάντινα
466 1555 587 1605 σκεύη
621 1555 688 1593 καὶ
721 1556 770 1593 τὰ
799 1553 1045 1605 ἡλὲκτριναῖ)
1078 1555 1147 1593 καὶ
1180 1554 1423 1605 κρύσταλλος
1462 1555 1530 1593 καὶ
1562 1553 1662 1594 θύον
1701 1555 1769 1593 καὶ

204 1609 333 1660 ἔβενος
361 1610 430 1646 καὶ
459 1609 479 1646 ὃ
507 1614 584 1646 τῶν
612 1613 809 1658 γυναικῶν
835 1606 1023 1658 κόσμοςΒ)
1044 1609 1111 1646 καὶ
1139 1610 1188 1646 τὰ
1217 1608 1452 1658 ποικίλματα
1481 1609 1550 1646 καὶ
1578 1608 1618 1646 αἱ
1647 1608 1769 1660 βαφαὶ

202 1664 268 1702 καὶ
301 1661 503 1714 ξύμπαντα
535 1660 669 1708 ἁπλῶς
696 1664 744 1701 τὰ
773 1667 838 1700 νῦν
868 1662 907 1701 ἐν
934 1667 982 1712 τῇ
1019 1662 1128 1700 πόλει
1155 1662 1261 1714 τίμια
1296 1663 1365 1700 καὶ
1399 1663 1648 1714 περιμάχητα
1682 1663 1767 1702 κτλ.

203 1716 327 1755 Clem.
344 1717 458 1767 paed.
476 1716 516 1754 II
532 1716 601 1754 35:
623 1715 781 1755 κλῖναί
802 1727 850 1754 τε
869 1715 1184 1766 ἀργυρόποδες
1203 1717 1273 1754 καὶ
1294 1715 1768 1766 ἐλεφαντοκόλλητοι,

203 1769 479 1823 χρυσόστικτοί
530 1783 573 1809 τε
620 1770 689 1808 καὶ
736 1769 942 1822 χελώνης
989 1769 1281 1822 πεποικιλμέναι
1334 1770 1468 1821 κοίτης
1520 1770 1769 1819 κλισιάδεςᾈ)

200 1826 251 1864 cf.
282 1825 373 1864 Juv.
408 1826 543 1867 11-93:

464 1900 587 1939 Nemo
614 1882 718 1939 inter
744 1911 861 1939 curas
887 1901 923 1938 et
947 1900 1051 1939 seria
1078 1900 1192 1939 duxit
1219 1899 1450 1949 habendam,

463 1954 592 2004 qualis
618 1954 665 1993 in
694 1953 845 1994 Oceano
868 1954 990 2003 fluctu
1016 1955 1197 1994 testudo
1224 1957 1392 2005 nataret,

463 2008 614 2048 clarum
645 2007 880 2059 Troiuqenis
903 2008 1062 2058 factura
1089 2012 1124 2047 et
1150 2009 1277 2049 nobile
1300 2008 1486 2059 fulcrum.

200 2085 252 2125 cf.
286 2086 348 2125 14.
363 2095 425 2128 307
450 2104 502 2137 sq.
527 2086 563 2124 6.
578 2096 652 2128 594.

333 2151 457 2190 Porro
485 2151 692 2189 Juvenalis
719 2151 760 2189 in
782 2150 957 2189 carmine
985 2151 1193 2189 undecimo
1228 2151 1572 2189 oblectamenta
1606 2149 1775 2189 convii

201 2206 383 2246 viorum
412 2205 553 2245 acerbe
580 2206 809 2244 insectatur:
839 2218 876 2244 v.
901 2206 976 2244 162
997 2218 1054 2256 sq.

461 2280 656 2321 Forsitan
682 2282 872 2331 exspectes,
901 2282 948 2320 ut
973 2279 1177 2320 Gaditana
1204 2292 1348 2320 canoro

463 2335 661 2385 incipiant
684 2335 845 2385 prurire
872 2334 1000 2386 choro,
1022 2334 1244 2384 plausuque
1266 2335 1455 2384 probatae

463 2390 517 2429 ad
544 2392 689 2429 terram
717 2388 879 2429 tremulo
906 2389 1140 2428 descendant
1164 2388 1278 2429 clune
1298 2389 1454 2439 puellae
1481 2402 1562 2441 eqs.

336 2508 366 2546 1)
391 2507 434 2541 cf.
458 2516 534 2549 cap.
551 2506 642 2549 XVI,
774 2506 808 2547 2)
832 2505 875 2540 cf.
899 2506 979 2540 Juv.
1006 2508 1057 2540 14.
1074 2510 1134 2537 30¹1.
1259 2507 1295 2546 3)
1320 2506 1364 2540 cf.
1388 2516 1464 2548 cap.
1481 2507 1571 2541 VIII.

333 2551 368 2591 4)
392 2550 437 2585 cf.
460 2550 529 2585 Sen
553 2560 606 2593 ep.
634 2552 683 2584 17.
697 2554 738 2591 12,
763 2552 868 2592 'Ie-15,
895 2552 1025 2591 110.12;
1048 2550 1129 2583 ben.
1153 2549 1228 2584 VII.
1252 2550 1283 2590 9,
1295 2552 1326 2582 2.
1365 2550 1458 2584 Plut.
1479 2551 1525 2584 de
1547 2560 1626 2594 cup.
1643 2551 1717 2585 div.
1733 2554 1768 2592 83

202 2594 285 2628 fort.
297 2595 317 2628 5
330 2596 378 2636 (p.
391 2596 432 2629 99
446 2594 487 2636 F)
500 2594 581 2632 Luc,
593 2603 675 2628 nav.
689 2595 741 2627 21.
776 2593 860 2636 Cyn.
877 2595 908 2627 9.
946 2593 1074 2635 [mog]
1093 2602 1146 2635 ep.
1163 2595 1216 2627 28.
1255 2594 1352 2628 Stob.
1368 2594 1404 2628 fl.
1420 2596 1473 2628 93.
1485 2599 1517 2626 31
1534 2594 1591 2631 (M.
1608 2605 1642 2638 p.
1661 2597 1722 2630 188
1739 2596 1770 2636 7)

204 2637 309 2671 Philo
339 2638 384 2672 de
413 2647 526 2672 somn.
551 2638 575 2672 Ι.
599 2639 642 2671 20
670 2647 704 2680 p.
727 2638 790 2671 639
820 2637 865 2671 de
891 2646 991 2679 prov.
1016 2637 1058 2670 II.
1084 2638 1141 2677 22;
1170 2637 1216 2671 de
1238 2646 1334 2680 spec.
1361 2638 1430 2680 leg.
1455 2638 1496 2672 11.
1520 2640 1540 2672 5
1569 2649 1602 2682 p.
1626 2640 1701 2680 274,
1723 2639 1771 2673 de

205 2690 318 2716 somn.
342 2681 384 2718 ΙΙ.
408 2683 439 2723 8,
473 2681 519 2715 de
547 2682 610 2716 vit.
640 2682 734 2716 cont.
761 2683 781 2714 6
808 2690 843 2724 p.
865 2682 939 2721 479.
969 2698 1010 2704 —
1039 2680 1083 2714 cf.
1112 2680 1324 2724 Wendland‚
1359 2681 1462 2715 Philo
1491 2681 1568 2716 und
1595 2682 1654 2716 die
1683 2682 1769 2726 kyn.

204 2725 317 2759 Diatr.
340 2735 374 2768 p.
397 2727 439 2759 26
463 2735 515 2768 sq.
540 2744 582 2750 —-
598 2725 691 2766 Quin
714 2725 823 2759 etiam
845 2733 972 2759 aureas
995 2724 1222 2759 mateniones
1238 2725 1459 2768 Chrysippus
1482 2726 1587 2760 ridet.
1609 2726 1703 2760 Plut.
1719 2726 1769 2761 St.

203 2779 277 2811 rep.
302 2770 355 2803 30.
372 2776 388 2801 6
411 2770 469 2809 (=
492 2770 525 2802 d.
550 2769 685 2811 Arnim,
709 2770 780 2801 vet.
804 2767 852 2812 St.
875 2769 919 2808 fr.
941 2769 1003 2802 111.
1030 2768 1102 2802 153.
1119 2797 1122 2800 .
1141 2768 1186 2802 cf.
1210 2768 1279 2802 Cic.
1309 2778 1383 2811 par.
1407 2769 1463 2808 38)
1487 2769 1531 2803 ef.
1555 2770 1637 2803 Juv.
1661 2772 1692 2804 3.
1710 2774 1770 2804 108.
