1980 3097
908 103 1152 142 -73-

245 234 266 272 ὁ
294 239 471 284 γενναῖος
501 234 541 272 ἐν
571 232 731 284 Κιλικίᾳ
761 233 1076 284 ψευδόμενοςτὰ
1105 233 1234 272 πολλὰ
1254 235 1323 272 καὶ
1351 235 1550 285 γοητεύων
1577 240 1656 273 τοῖν
1686 235 1814 273 δυοῖν

244 287 430 340 ὀβολοῖν
475 289 606 327 ἕνεκα.
664 286 796 326 Etiam
824 287 1048 340 Diogenem
1070 287 1268 341 Cynicum
1309 289 1550 328 coniectores
1588 289 1816 341 obiurgasse

244 344 462 382 memoriae
495 342 695 394 proditum
729 347 790 381 est
821 356 893 394 per
924 342 1042 394 Diog.
1078 344 1123 382 L.
1153 343 1222 382 VI.
1250 345 1303 382 24
1339 373 1347 381 .
1385 374 1393 382 .
1431 373 1439 381 .
1477 374 1485 382 .
1522 345 1586 382 ὅτε
1621 345 1665 383 δὲ
1696 344 1814 382 πάλιν

253 394 372 448 (ἴδοι)
411 396 676 448 ὀνειροκρίτας
709 398 779 435 καὶ
809 396 963 448 μάντεις
991 398 1061 436 καὶ
1093 399 1184 444 τοὺς
1212 397 1480 449 προσέχοντας
1507 398 1653 445 τούτοις
1683 429 1690 436 .
1724 428 1731 436 .
1764 429 1771 436 .

242 451 358 490 οὐδὲν
390 451 642 504 ματαιότερον
673 450 839 503 νομίζειν
871 451 1098 503 ἀνθρώπου.

376 517 402 556 J
409 517 466 555 ud
477 528 667 555 aeorum
695 529 838 564 mores,
850 516 879 565 ¹)
909 529 1007 568 quos
1027 516 1180 556 Romae
1208 516 1321 555 multi
1340 516 1608 565 imitabantur,
1638 517 1815 556 insaniae

244 571 382 623 plenos
412 584 498 611 esse
527 571 734 610 Juvenalis
763 570 858 610 dicit
880 572 940 610 14.
959 582 1016 614 96:

469 646 641 696 Quidam
670 646 800 686 sortiti
825 646 1095 697 metuentem2)
1124 646 1285 687 sabbata
1311 648 1463 697 patrem

467 701 530 742 nil
551 704 710 753 praeter
737 701 857 742 nubes
885 704 921 742 et
947 700 1041 742 caeli
1068 715 1217 742 numen
1243 701 1425 751 adorant,

467 769 537 796 nec
566 756 711 795 distare
735 759 884 806 patant
911 756 1093 795 humana
1120 768 1243 795 carne
1270 755 1484 806 suillam,⁸)

467 823 548 861 qua
575 813 686 862 pater
713 811 917 861 abstinuit,
946 823 1036 851 mox
1062 812 1099 851 et
1122 811 1332 861 praeputia
1354 812 1535 861 ponnnt;

468 866 674 905 Romanos
700 868 827 905 autem
855 865 962 905 soliti
988 868 1230 904 contemnere
1259 865 1353 916 leqes

469 918 684 960 Judaicnm
713 920 888 960 ediscunt
913 922 949 959 et
974 920 1132 959 servant
1159 932 1206 959 ac
1233 918 1451 967 metuunt2)
1479 919 1554 969 ius,

468 974 636 1014 tradidit
662 986 811 1014 arcano
837 974 1101 1024 quodcumque
1128 973 1325 1014 volamine
1354 974 1517 1024 Moyses,

469 1041 553 1068 non
581 1031 801 1068 monstrare
829 1028 914 1068 vias
940 1028 1071 1068 eadem
1099 1027 1183 1068 nisi
1208 1040 1321 1068 sacra
1346 1027 1525 1079 colenti4)

468 1084 685 1132 quaesitum
713 1083 767 1122 ad
792 1082 939 1132 fontem
966 1083 1065 1122 solos
1093 1082 1273 1122 deducere
1299 1095 1442 1132 verpos.

466 1136 542 1176 Sed
566 1139 679 1187 pater
706 1137 753 1176 in
781 1149 912 1185 causa,
940 1137 1005 1176 cai
1031 1137 1225 1186 septima
1254 1149 1426 1186 quaeqae
1451 1136 1533 1186 fuit
1560 1136 1642 1175 lux

466 1191 641 1242 ignava
668 1194 708 1230 et
732 1193 911 1240 partem
940 1191 1064 1230 vitae
1091 1203 1185 1230 non
1217 1191 1381 1241 attiqit
1407 1190 1603 1239 ullam.⁵)

243 1266 435 1305 Senecam
484 1271 732 1306 sacramenta
772 1266 1017 1307 Judaeorum
1060 1268 1254 1319 sprevisse
1292 1267 1538 1319 Augustinus
1585 1267 1717 1306 refert.
1763 1266 1812 1306 cf.

240 1321 289 1359 fr.
321 1321 385 1359 41.
403 1323 454 1359 42
495 1322 574 1360 Hic
601 1323 705 1361 inter
732 1322 835 1361 alias
862 1322 989 1362 civilis
1017 1321 1225 1372 theologiae
1255 1322 1543 1371 superstitiones
1569 1321 1816 1371 reprehendit

239 1375 358 1413 etiam
396 1378 643 1415 sacramenta
677 1376 921 1415 zIudaeorum
960 1378 994 1415 et
1029 1376 1198 1415 maxime
1233 1375 1410 1426 sabbata,
1452 1375 1648 1415 inutiliter
1681 1375 1723 1414 id
1755 1388 1815 1415 eos

239 1428 366 1478 facere
393 1428 628 1478 adfirmans,
659 1431 761 1479 quod
784 1443 857 1479 per
885 1430 973 1469 illos
998 1429 1173 1481 sinyalos
1198 1431 1339 1479 septem
1360 1430 1604 1479 interpositos
1621 1429 1700 1468 dies
1717 1442 1814 1479 sep·

241 1483 403 1522 timam
430 1483 527 1533 fere
560 1487 738 1533 partem
773 1485 941 1524 aetatis
975 1496 1085 1524 suae
1115 1484 1320 1533 perdant
1352 1484 1526 1523 vacando
1554 1486 1588 1523 et
1615 1484 1739 1523 multa
1769 1484 1814 1523 in

244 1539 411 1586 tempore
439 1538 626 1588 urgentia
654 1550 738 1576 non
767 1539 915 1588 ayendo
944 1538 1154 1577 laedantur
1177 1567 1184 1574 .
1209 1569 1217 1577 .
1240 1567 1248 1575 .
1272 1568 1280 1576 .
1312 1537 1410 1576 Cam
1438 1538 1597 1576 interim
1626 1550 1745 1586 nsque
1772 1550 1815 1576 eo

239 1590 551 1632 sceleratissimae
581 1593 708 1642 yentis
742 1592 974 1630 consuetudo
1006 1590 1216 1639 convaluit,
1251 1593 1297 1630 ut
1319 1603 1392 1641 per
1420 1603 1550 1630 omnes
1578 1592 1659 1630 iam
1688 1593 1815 1631 terras

239 1647 386 1694 recepta
419 1647 490 1694 sit:
526 1645 613 1685 victi
647 1645 853 1685 victoribus
886 1645 978 1697 leqes
1012 1646 1211 1685 dederunt.
1270 1645 1318 1684 cf.
1350 1659 1409 1697 ep.
1442 1647 1572 1688 95.47.
1631 1645 1734 1684 Plut.
1765 1646 1813 1684 de

239 1703 406 1750 superst.
439 1714 471 1739 c.
494 1700 518 1739 8
547 1713 585 1751 p.
611 1699 746 1748 1690;
777 1700 800 1739 3
831 1714 867 1752 p.
894 1701 1025 1739 166A.
1084 1700 1161 1744 Qui
1189 1700 1434 1739 Judaeorum
1463 1713 1673 1751 personam
1703 1713 1813 1739 men-

239 1755 399 1803 tiantur,
430 1755 633 1805 Epictetus
662 1768 819 1806 quoque
838 1755 1092 1793 vehementer
1120 1756 1317 1806 vituperat
1346 1755 1397 1793 11.
1430 1756 1465 1793 9.
1481 1764 1534 1797 20.
1591 1754 1732 1793 Nescio
1763 1768 1813 1793 an

242 1809 393 1847 Seneca
428 1822 494 1848 eos
530 1813 668 1860 tangat
701 1823 761 1861 ep.
796 1810 884 1849 108.
900 1807 993 1858 22-6)
1055 1808 1110 1848 In
1147 1809 1296 1848 Tiberii
1330 1808 1513 1849 Caesaris
1541 1809 1812 1859 principatum

241 1864 424 1902 iuventae
445 1866 592 1913 tempus
611 1864 821 1911 inciderat;
851 1863 1073 1913 alieniyena
1093 1866 1175 1902 tum
1194 1876 1305 1902 sacra
1326 1863 1596 1907 movebantur:
1623 1864 1687 1902 sed
1705 1864 1814 1902 inter

244 1920 476 1968 arynmenta
486 1918 774 1967 superstitionis
784 1917 1004 1967 ponebatur
1012 1918 1261 1966 quorundam
1278 1917 1517 1956 animalium
1529 1915 1813 1967 abstinentia.⁷)

370 1982 395 2020 J
398 1984 605 2021 uvenalem
622 1983 698 2021 ista
712 1983 833 2021 verba
855 1982 1091 2033 scripturum
1106 1996 1185 2021 nou
1200 1982 1335 2030 fuisse,
1350 1983 1426 2021 nisi
1441 1982 1598 2021 Iudaeis
1614 1983 1813 2033 singulare

240 2037 414 2074 studium
445 2037 736 2087 impertivisset,
768 2037 872 2087 quod
902 2037 1184 2075 Friedlaeuder
1214 2041 1377 2075 annotat
1404 2050 1441 2087 p.
1466 2037 1543 2074 553
1574 2036 1642 2085 (cf.
1670 2050 1707 2087 p.
1729 2036 1810 2084 32),

239 2091 357 2129 nullis
387 2091 574 2141 gravibus
595 2091 838 2142 argumentis
859 2090 988 2129 fulciri
1018 2095 1156 2142 potest.
1215 2090 1368 2129 Romae
1394 2103 1582 2142 persaepe
1603 2091 1812 2142 opprobria

375 2210 403 2248 1)
430 2209 473 2242 cf.
500 2209 621 2251 Mayor
645 2209 691 2241 ad
716 2219 772 2242 vv,
797 2209 957 2242 96—106.

373 2253 404 2293 2)
430 2253 588 2295 Bernays
612 2252 822 2286 Juvenalem
854 2252 922 2285 hoc
948 2252 1056 2285 verbo
1086 2253 1137 2285 uti
1163 2252 1356 2292 existimat,
1384 2253 1424 2285 ut
1448 2261 1508 2285 eos
1531 2252 1721 2294 significet,
1750 2251 1812 2293 qui

242 2305 371 2336 genere
389 2305 456 2328 non
475 2296 599 2329 Iudaei
616 2305 737 2329 eorum
758 2296 862 2329 tidem
881 2296 1139 2338 profitebantur
1156 2298 1191 2328 et
1206 2296 1374 2335 σεβόμενοι
1395 2295 1453 2328 vel
1468 2297 1657 2334 φοβούμενοι
1679 2294 1811 2328 Graece

245 2339 532 2372 nominabantur.
573 2339 737 2372 Fortasse
762 2341 880 2372 autem
905 2339 973 2372 hac
999 2348 1085 2372 voce
1106 2339 1336 2372 severitatem
1360 2348 1501 2380 quoque
1525 2338 1582 2372 dei
1599 2338 1810 2371 Iudaeorum

242 2382 456 2416 adumbrare
480 2383 605 2417 voluit.
645 2382 859 2416 Plutarchus
876 2383 1019 2427 quidem
1047 2382 1123 2416 eius
1140 2383 1357 2416 mentionem
1382 2382 1469 2415 facit
1490 2382 1535 2415 de
1552 2382 1601 2416 St.
1624 2391 1695 2423 rep.
1712 2383 1811 2415 38.2:

239 2428 355 2456 Καίτοι
377 2428 534 2466 χρηστοὺς
557 2428 594 2457 οὐ
617 2428 732 2464 πάντες
757 2426 837 2457 εἶναι
859 2428 933 2464 τοὺς
956 2427 1054 2463 θεοὺς
1076 2427 1327 2466 προελάμβανον.
1374 2426 1456 2465 Ὀρα
1485 2427 1547 2465 γὰρ
1577 2427 1631 2457 οἷα
1660 2424 1812 2456 Ἰουδαῖοι

236 2471 295 2500 καὶ
319 2469 416 2508 Σύροι
438 2472 508 2509 περὶ
531 2471 615 2500 θεῶν
637 2473 814 2509 φρονοῦσιν,
949 2470 983 2510 3)
1008 2469 1051 2502 cf.
1077 2472 1169 2501 ss.160.
1671 2510 1673 2512 ι

369 2514 404 2549 4)
429 2513 472 2546 cf.
498 2513 566 2547 Cic.
591 2514 649 2546 off.
674 2515 759 2553 3.54;
785 2513 863 2547 Sen.
887 2513 967 2546 beu.
994 2513 1038 2546 lV
1062 2514 1161 2554 29.1;
1186 2522 1239 2555 ep.
1265 2514 1365 2546 95.51.
1500 2514 1533 2552 5)
1559 2513 1601 2546 cf.
1627 2515 1722 2546 6.159.

371 2557 405 2592 6)
430 2556 474 2589 cf.
498 2556 591 2590 Suet.
617 2557 694 2590 Tib.
719 2559 770 2590 36.

372 2599 405 2639 7)
431 2600 545 2640 Quare
568 2600 691 2634 Iudaei
715 2610 822 2634 carne
852 2600 959 2633 suilla
988 2599 1221 2640 abstinerent,
1250 2599 1466 2633 Plutarchus
1496 2599 1677 2642 quaesivit
1709 2608 1809 2632 eonV.

236 2654 269 2684 q.
298 2643 389 2676 IV.5
416 2643 487 2684 (IV.
502 2644 581 2682 4.4)
607 2644 650 2677 cf.
675 2644 769 2677 Sext.
794 2644 893 2685 Emp.
910 2643 1033 2685 Pyrrh.
1058 2643 1141 2686 hyp.
1170 2643 1221 2676 111
1247 2645 1355 2676 24.223
1385 2642 1541 2681 Ἰουδαῖος
1571 2644 1626 2682 μὲν
1648 2643 1712 2682 γὰρ
1736 2668 1743 2675 .
1769 2666 1776 2674 .
1802 2665 1808 2672 .

233 2688 357 2718 θᾶττον
381 2687 420 2718 ἂν
445 2687 606 2718 ἀποθάνοι
629 2688 649 2726 ἢ
674 2691 815 2727 χοιρεϊον
838 2689 947 2727 φάγοι.
