1980 3097
864 154 1110 192 -45-

208 281 396 321 honorem
426 283 669 322 afferendum
700 295 804 332 esse3
837 286 881 322 ut
909 286 1040 322 autem
1069 282 1231 322 ancillas
1259 287 1298 322 et
1327 282 1525 322 ministros
1554 281 1685 321 divitis
1714 281 1773 320 fe-

209 338 340 376 minae
359 341 619 385 enumeraret,
648 337 833 375 Juvenali
861 337 1035 376 Senecae
1062 338 1205 377 librum
1236 338 1345 376 adire
1373 351 1451 376 non
1483 350 1581 388 opus
1610 337 1696 375 fuit.
1717 357 1772 364 —

209 391 336 429 Valde
354 391 542 429 differunt
559 390 584 428 J
588 403 651 428 uv.
671 403 733 428 vv.
756 392 834 429 594
854 403 910 440 sq.
932 394 971 428 et
990 391 1080 429 Sen.
1102 391 1149 429 fr.
1167 392 1237 430 85:
1258 392 1362 429 viros
1382 391 1587 430 Juvenalis
1607 391 1771 429 minime

210 444 435 495 vituperare
463 444 558 491 vult,
589 443 693 494 quod
721 456 864 482 uxores
890 448 1046 495 partum
1081 444 1239 495 abigere
1269 448 1412 496 cogant
1445 449 1514 484 aut
1540 445 1617 497 ipsi
1647 444 1770 483 fetum

209 499 386 549 perdant.
444 498 498 536 At
531 497 624 536 licet
666 510 891 545 consensus,
929 498 996 548 qui
1031 499 1238 537 intercedit
1271 498 1457 538 Juvenali
1494 513 1583 538 cum
1619 499 1773 537 Seneca

210 553 274 590 vel
308 551 595 603 Theophrasto,
636 564 713 590 non
755 551 925 590 sufficiat
963 550 1014 589 ad
1052 551 1169 603 plane
1208 552 1555 592 demonstrandum
1594 557 1770 592 nostrum

212 620 283 646 sua
324 620 372 646 ex
413 606 517 645 illius
559 606 691 645 libello
735 605 1036 658 deprompsisse,
1073 610 1204 645 tamen
1245 606 1348 645 hunc
1382 608 1527 647 librum
1561 608 1597 646 ei
1634 611 1771 647 notum

211 662 331 700 fuisse
369 675 448 700 non
488 661 572 699 veri
610 661 799 700 dissimile
839 665 909 699 est.
970 660 1117 699 Verum
1156 661 1375 699 cavendum
1409 666 1478 709 est,
1520 675 1570 700 ne
1609 662 1658 700 de
1693 675 1774 700 uuo

212 720 372 755 auctore
407 716 644 766 cogitemus3
684 715 790 753 haud
825 715 917 764 scio,
958 727 1009 753 an
1042 714 1160 753 liceat
1191 714 1277 753 iure
1306 715 1485 754 conicere
1521 716 1640 755 etiam
1675 729 1774 755 non-

212 771 321 810 nulla
349 784 398 809 ex
425 770 596 809 Musonii
624 770 802 809 diatribis
829 769 1020 821 prodisse,
1056 782 1146 821 cum
1176 773 1310 808 satura
1337 769 1543 809 «Iuvenalis
1576 783 1655 809 non
1683 783 1774 808 raro

213 826 334 877 spiret
362 825 575 863 sententias
596 823 810 863 Clementis
835 828 874 863 et
896 824 1019 875 ipsius
1039 823 1221 873 Musonii,
1251 836 1368 875 quem
1393 823 1461 862 ille
1479 824 1520 862 in
1544 824 1777 875 paedagogo

215 883 413 919 auctorem
455 882 611 917 secutus
651 883 720 917 est.
733 878 761 928 ¹)
817 878 856 917 A
888 877 1130 930 philosophis
1168 882 1299 917 autem
1333 878 1530 930 plerisque
1563 883 1696 917 noster
1729 892 1779 917 eo

213 935 356 983 differt,
391 934 496 984 quod
535 933 619 984 ipse
648 933 756 971 nulla
793 933 861 971 dat
890 932 1113 984 coniugalia
1146 936 1356 983 praecepta
1390 954 1439 958 —-
1470 933 1510 970 id
1545 933 1650 983 quod
1684 932 1780 970 facit

214 986 471 1038 Musonius2),
503 991 545 1026 ut
572 1000 643 1038 pro
673 987 806 1026 multis
836 987 998 1026 afferam
1026 1000 1149 1026 uuum
1178 987 1401 1038 exemplum
1422 1008 1486 1036 —,
1512 999 1615 1038 quae
1641 999 1778 1038 super-

215 1055 389 1085 vacanea
417 1043 453 1081 ei
482 1042 676 1091 videntur,
706 1043 774 1092 qui
800 1043 840 1080 in
861 1055 1005 1093 aquam
1024 1042 1283 1092 praecipitare
1304 1041 1454 1079 mavult
1478 1054 1597 1092 quam
1616 1054 1782 1080 uxorem

215 1095 409 1142 ducere.3)
464 1096 627 1135 Accedit
656 1095 759 1148 quod
788 1096 1016 1135 dulcedines
1044 1094 1326 1146 matrimonii4)
1361 1095 1572 1135 decantare
1607 1108 1686 1134 non
1721 1100 1781 1134 est

215 1156 357 1203 poetae
386 1151 544 1189 satirici.
575 1173 627 1179 —-
649 1151 726 1190 Sed
756 1165 859 1190 nunc
888 1165 977 1189 mea
1006 1152 1136 1189 minus
1163 1152 1326 1189 interest
1346 1164 1496 1198 eruere,
1528 1164 1625 1200 quos
1651 1151 1779 1188 fontes

217 1209 348 1244 noster
391 1205 625 1253 adhibuerit,
669 1217 787 1255 quam
827 1204 866 1243 id
902 1206 1077 1243 statuere
1111 1216 1200 1243 eum
1235 1204 1299 1243 hic
1339 1216 1495 1255 quoque
1530 1216 1618 1242 cum
1654 1216 1780 1256 popu-

215 1260 364 1299 laribus
394 1259 635 1311 philosophis
665 1260 897 1308 consentire,
927 1260 994 1311 qui
1023 1259 1206 1310 aperiunt
1234 1258 1472 1298 feminarum
1502 1259 1705 1298 malitiam.

352 1324 406 1362 At
437 1328 602 1375 quaerat
626 1324 835 1376 quispiam,
857 1337 908 1362 an
925 1323 1131 1363 Juvenalis
1161 1324 1225 1362 hic
1255 1324 1425 1375 pendeat
1444 1337 1469 1362 a
1493 1322 1781 1372 rhetoribus?⁵)

217 1379 466 1431 Quamquam
496 1379 619 1418 oratio
649 1379 765 1418 etiam
809 1380 849 1418 in
878 1379 952 1418 hac
981 1383 1114 1418 satura
1155 1379 1293 1430 figuris
1321 1379 1501 1431 splendet
1533 1392 1578 1418 ac
1606 1382 1782 1431 praestat

218 1447 363 1485 magna
391 1434 637 1482 efficacitate,
668 1441 799 1472 tamen
827 1434 902 1472 hoc
931 1447 1090 1472 carmen
1119 1434 1447 1472 declamationem
1471 1435 1683 1472 oratoriam
1703 1446 1782 1471 non

219 1501 305 1527 esse
335 1488 417 1527 sola
444 1500 492 1526 ex
520 1488 774 1541 dispositione
801 1487 978 1539 intellegi
1005 1491 1144 1540 potest.
1202 1486 1312 1531 Quae
1332 1491 1413 1527 tam
1436 1488 1577 1527 vitiosa
1604 1486 1711 1536 est,⁶)
1740 1491 1784 1525 ut

220 1544 379 1583 credere
409 1556 597 1593 cogamur
625 1556 715 1581 eum
744 1543 793 1581 de
821 1543 1015 1581 industria
1042 1542 1131 1581 illas
1149 1543 1328 1581 licentias
1355 1542 1606 1590 admisisse.⁷)
1663 1542 1784 1589 Nihil,

220 1599 252 1637 si
280 1598 479 1646 voluisset,
509 1597 546 1635 ei
573 1597 728 1635 facilius
769 1596 907 1635 fuisset
935 1609 1054 1648 quam
1083 1597 1239 1648 singula
1267 1596 1518 1636 cohaerentia
1546 1610 1617 1635 suo
1646 1596 1790 1635 ordine*

221 1665 467 1703 componere.
499 1652 577 1690 Sed
597 1652 873 1691 difficillimum
893 1652 989 1690 mihi
1008 1651 1164 1690 videtur
1183 1657 1289 1690 certo
1305 1652 1526 1701 enucleare,
1546 1656 1786 1702 quapropter

220 1711 330 1745 tanta
359 1706 599 1756 negligentia
626 1706 667 1744 in
696 1706 939 1756 argumentis
968 1706 1248 1756 componendis
1284 1719 1378 1744 usus
1407 1706 1468 1744 sit.
1525 1706 1584 1744 Ac
1613 1705 1784 1756 primum

220 1760 517 1800 deliberandum
561 1764 620 1799 est
661 1760 895 1799 Juvenalem
938 1774 1015 1799 non
1059 1774 1149 1799 eum
1191 1760 1324 1809 fuisse,
1368 1761 1434 1811 qui
1476 1764 1585 1799 tanto
1626 1760 1786 1812 ingenio

220 1819 408 1866 tantaque
429 1819 512 1853 arte
532 1815 751 1864 excelleret,
771 1821 815 1853 ut
834 1815 1027 1853 eiusmodi
1045 1816 1140 1854 vitia
1159 1815 1325 1865 fugeret.
1361 1814 1515 1853 Deinde
1535 1815 1786 1853 considerare

222 1870 410 1909 debemus
431 1868 609 1909 satiricos
628 1882 848 1909 sermonem
868 1869 1072 1921 vulgarem
1092 1869 1248 1918 imitari,
1280 1870 1319 1909 in
1349 1883 1426 1921 quo
1451 1870 1500 1908 de
1519 1869 1639 1908 variis
1668 1869 1785 1908 rebus

222 1927 288 1973 ita,
309 1929 352 1963 ut
371 1924 660 1976 disputantibus
680 1925 835 1974 singula
853 1925 1017 1962 veniunt
1044 1925 1084 1963 in
1107 1928 1293 1973 mentem,
1322 1925 1463 1975 agitur.
1520 1924 1602 1962 Nec
1622 1924 1787 1962 dubium

222 1984 293 2026 est,
334 1979 428 2029 quin
471 1979 567 2016 haec
612 1978 851 2017 consuetudo
887 1991 908 2016 e
944 1978 1266 2030 philosophorum
1310 1976 1523 2027 diatribisss)
1561 1979 1602 2016 in
1632 1982 1787 2016 saturas

222 2034 423 2073 Romanas
459 2033 669 2084 irrepserit.
729 2031 829 2072 Cum
858 2036 988 2071 autem
1017 2032 1222 2072 Juvenalis
1251 2033 1398 2072 similes
1427 2032 1640 2072 sententias
1669 2036 1789 2084 atque

222 2089 279 2126 illi
308 2088 492 2139 proferat,
537 2101 627 2125 eum
670 2087 788 2125 etiam
829 2087 869 2125 in
898 2087 972 2125 hac
1000 2100 1043 2125 re
1071 2088 1264 2126 rationem
1294 2101 1429 2126 eorum
1474 2087 1671 2126 imitatum
1700 2100 1787 2125 esse

224 2156 302 2182 non
322 2142 517 2181 immerito
538 2142 792 2193 suspicamur.
834 2141 889 2180 At
906 2141 1134 2193 priusquam
1154 2142 1256 2181 hanc
1276 2142 1545 2193 quaestionem
1561 2141 1795 2193 diligentius*

224 2199 448 2245 subeamus,
478 2196 527 2235 ad
556 2197 755 2247 inceptum
784 2197 928 2235 reverti
957 2201 1120 2247 oportet.

360 2347 389 2388 1)
415 2347 457 2380 cf.
481 2355 561 2389 pag.
589 2346 638 2379 19.
772 2347 805 2387 2)
828 2355 884 2389 ap.
908 2346 1004 2381 Stob.
1029 2349 1104 2380 6.23
1128 2346 1183 2388 (H.
1207 2357 1240 2390 p.
1266 2346 1352 2386 286).
1484 2347 1522 2386 3)
1549 2356 1581 2379 v.
1605 2348 1657 2380 32.

358 2392 396 2430 4)
422 2390 466 2424 cf.
490 2390 691 2431 Praechter‚
717 2391 810 2424 Hier.
836 2401 868 2432 p.
893 2392 943 2424 78.

360 2434 392 2473 5)
417 2434 460 2466 cf.
484 2443 565 2476 pag.
588 2435 640 2467 35.

357 2479 394 2517 6)
421 2478 464 2510 cf
492 2476 618 2510 Friedl.
642 2487 676 2519 p.
700 2478 764 2510 278
787 2486 838 2520 sq.

355 2523 388 2560 7)
414 2521 598 2555 Gontrmia
632 2522 726 2554 enim
761 2522 816 2555 est
838 2520 996 2561 Qu1nt111
990 2530 1048 2555 1111
1079 2521 1293 2564 praeceptis:
1340 2520 1411 2553 VII.
1436 2529 1610 2571 prooem&
1648 2530 1723 2563 cap.
1751 2522 1791 2553 10

227 2563 270 2604 ἓξ
295 2565 404 2606 5sqq.
430 2581 468 2588 —
493 2565 511 2605 ξ
538 2567 576 2598 16
599 2564 710 2606 Neque
742 2565 834 2598 enim
859 2567 1014 2606 partium
1035 2567 1085 2598 est
1114 2565 1244 2615 demum
1280 2564 1454 2605 dispositio,
1486 2565 1542 2597 sed
1563 2565 1602 2597 in
1634 2565 1685 2597 his
1710 2565 1792 2605 ipsis

224 2607 355 2649 primus
376 2607 495 2649 aliquis
515 2618 627 2641 semus
647 2609 681 2640 et
699 2608 857 2641 secundus
878 2610 912 2640 et
937 2609 1068 2641 tertius:
1092 2608 1149 2650 qui
1174 2618 1241 2641 non
1256 2607 1347 2640 modo
1362 2609 1402 2640 ut
1413 2608 1484 2640 sint
1495 2607 1609 2641 ordine
1628 2608 1791 2648 conlocati,

226 2651 439 2684 laborandum
453 2653 509 2691 est,
531 2651 585 2685 sed
599 2655 636 2684 ut
650 2651 735 2684 inter
749 2661 782 2684 se
797 2651 901 2685 vincti
914 2654 1009 2693 atque
1021 2652 1069 2685 ita
1083 2652 1296 2692 cohaerentes,
1320 2662 1361 2684 ne
1382 2651 1598 2684 commissura
1607 2652 1788 2692 perluceat:

226 2704 342 2735 corpus
363 2696 415 2735 sit,
438 2706 503 2727 mm
525 2695 677 2727 membra.
724 2703 798 2736 eqs.

359 2739 393 2778 8)
419 2737 567 2779 Respice
603 2747 744 2779 quaeso,
781 2737 866 2779 quid
891 2737 1024 2771 Seneca
1057 2738 1102 2771 de
1126 2738 1209 2770 stilo
1232 2737 1463 2779 epistolarum
1488 2737 1640 2770 disserat
1663 2746 1715 2779 ep.
1740 2739 1797 2770 75.
