1980 3097
841 140 1085 178 „49-

181 272 283 311 1136
343 268 457 319 Eryo
487 266 649 317 reyibus
680 266 822 305 occisis.
844 267 1035 306 subversa
1064 266 1218 306 iacebat

331 321 515 372 pristina
544 320 737 359 maiestas
765 320 959 359 soliorum
980 323 1025 359 'et
1054 323 1215 370 sceptra
1242 320 1429 370 superba,

179 391 228 430 cf.
259 391 350 429 Juv.
381 403 419 427 v.
445 389 539 427 112:

335 452 403 491 Ad
429 463 624 502 yenerum
654 450 813 490 Cereris
841 450 928 489 sine
958 451 1076 489 caede
1107 463 1152 489 ac
1181 451 1346 488 vulnere
1370 451 1497 500 pauci

336 505 584 546 descendunt
611 517 723 556 reyes
752 508 790 544 et
817 504 924 544 sicca
951 508 1077 544 morte
1103 503 1330 556 tyrannil)

197 621 201 623 ,
309 584 436 627 Quam
472 583 621 621 caduca
650 589 690 621 et
722 582 873 621 incerta
908 595 1063 621 summa
1095 586 1269 634 potestas
1303 582 1363 628 sit,
1401 581 1534 620 Seiani
1569 583 1748 633 exemplo

178 639 408 677 illustratur.
481 635 602 675 Cuius
645 636 804 675 fortuna
847 637 1043 688 quomodo
1086 640 1236 675 mutata
1279 637 1340 685 sit,
1385 635 1536 674 Seneca
1581 637 1749 675 breviter

178 692 299 731 refert
327 692 376 730 de
396 696 523 742 tranq.
555 704 618 729 an.
652 690 713 729 11.
733 701 790 732 11:
819 688 1056 728 Honoribus
1074 688 1245 727 summis
1273 688 1440 738 functus
1461 700 1522 726 es:
1550 688 1749 737 numquid

180 748 251 784 aut
294 748 377 783 tam
424 743 584 794 maynis
629 746 701 782 aut
743 746 827 782 tam
873 742 1094 793 insperatis
1138 746 1210 782 aut
1253 745 1336 782 tam
1382 741 1585 781 universis
1627 755 1749 792 quam

178 798 380 838 Seianus?
437 797 524 846 Quo
559 797 623 836 die
663 797 782 836 illum
824 800 989 837 senatus
1033 798 1271 847 deduxerat,
1310 796 1492 847 populus
1526 796 1571 835 in
1611 797 1749 846 frusta

178 852 326 893 divisit.
384 851 436 892 In
481 865 609 903 quem,
655 851 847 903 quicquid
890 852 1050 904 conyeri
1078 855 1249 903 poterat,
1294 852 1338 892 di
1371 851 1626 901 hominesque
1661 863 1749 891 con·

179 909 369 957 tulerant,
414 920 466 946 ea:
503 921 546 946 eo
585 907 689 946 nihil
723 907 941 957 superfuit,
985 908 1090 957 quod
1125 907 1313 957 carnifex
1352 906 1537 946 traheret.
1547 905 1581 956 2)
1637 908 1750 946 Idem

179 965 272 1003 dicit
314 964 392 1016 (ep.
439 965 502 1002 55.
516 963 553 1012 3)
612 964 756 1003 Seianiv
791 977 967 1003 amorem
1014 967 1103 1016 post
1149 968 1316 1003 mortem
1365 963 1449 1002 eius
1497 976 1576 1002 non
1619 963 1749 1001 minus

177 1020 441 1071 periculosum
501 1019 622 1057 fuisse
679 1032 796 1070 quam
859 1023 976 1057 antea
1031 1019 1176 1058 odium.
1257 1018 1305 1056 cf.
1356 1018 1447 1056 Juv.
1498 1032 1559 1056 vv.
1598 1018 1649 1056 68
1690 1032 1746 1069 sq.

178 1075 230 1112 84
251 1087 308 1124 sq.
366 1073 496 1112 Etiam
540 1073 627 1112 aliis
669 1073 766 1112 locis
810 1074 1001 1113 Senecam
1046 1074 1179 1113 Seiani
1223 1073 1464 1112 crudelitatis
1507 1073 1748 1111 mentionem

177 1127 348 1176 facere-³)
393 1127 546 1166 silentio
580 1128 848 1179 praeterirem,
892 1127 967 1167 nisi
1003 1140 1051 1166 ex
1086 1141 1133 1167 ea
1169 1140 1211 1167 re
1249 1127 1545 1179 intellegeretur
1577 1126 1749 1178 philoso-

176 1184 345 1234 phorum
374 1182 494 1221 fuisse
522 1183 666 1221 talibus
696 1183 886 1234 exemplis
915 1196 1105 1221 exornare
1135 1181 1408 1232 01·ati0nem.4)

302 1236 438 1287 Pergit
484 1236 689 1275 Juvenalis
736 1241 973 1286 monstrare,
1031 1241 1202 1288 quantae
1250 1236 1465 1275 calamitati
1521 1236 1746 1275 hominibus

179 1291 340 1330 ambitio
398 1291 534 1336 fuerit,
598 1290 826 1342 Crassique,
885 1291 1080 1343 Pompeii,
1141 1290 1321 1330 Caesaris
1380 1291 1561 1341 exempla
1617 1291 1744 1329 affert.

177 1345 403 1384 Eorundem
446 1346 595 1396 gloriae
631 1346 903 1397 honorumque
947 1346 1140 1397 cupiditas
1174 1359 1198 1384 a
1233 1346 1385 1385 Seneca
1418 1346 1666 1396 vituperatur
1707 1350 1748 1383 et

179 1401 297 1439 exitio
341 1413 477 1439 eorum
522 1401 733 1451 opponitur
774 1414 835 1452 ep.
870 1402 934 1450 94,
979 1402 1048 1439 64:
1096 1398 1159 1437 Ne
1194 1398 1304 1438 Gneo
1348 1398 1510 1448 quidem
1551 1397 1746 1448 Pompeio

178 1456 349 1491 eaeterna
378 1453 481 1492 bella
511 1466 556 1491 ac
585 1453 801 1492 domestica
833 1453 964 1491 virtus
999 1456 1070 1491 aut
1098 1452 1203 1492 ratio
1231 1453 1438 1502 suadebat,
1474 1452 1544 1490 scd
1573 1452 1748 1491 insanus

178 1506 289 1546 amor
308 1506 606 1558 maynitudinis
624 1507 777 1557 falsae,·
805 1507 920 1547 modo
950 1506 994 1546 in
1019 1506 1268 1557 Hispaniam
1296 1509 1333 1545 et
1353 1505 1591 1546 Sertoriana
1617 1519 1745 1555 arma,

176 1562 290 1600 modo
312 1562 365 1599 ad
393 1560 637 1611 colliyendas
652 1561 816 1611 piratas
846 1574 892 1600 ac
910 1561 1046 1600 maria
1069 1562 1262 1611 pacanda
1280 1561 1470 1610 cadebat:
1498 1561 1572 1599 hae
1587 1563 1746 1610 praete-

177 1615 380 1655 xebantur
415 1627 560 1654 causae
591 1615 644 1654 ad
673 1615 993 1655 continuandam
1021 1615 1261 1665 potentiam.
1320 1615 1430 1664 Quid
1457 1615 1578 1654 illum
1606 1614 1679 1654 in.
1704 1647 1712 1653 .
1737 1647 1745 1654 .

179 1701 210 1708 ..
233 1700 240 1707 .
260 1669 389 1709 omnis
418 1669 542 1708 Asiae
573 1670 742 1720 anyulos
772 1669 930 1709 tramit?
969 1670 1144 1718 Infinita
1172 1670 1325 1709 scilicet
1353 1670 1498 1720 cupido
1529 1669 1747 1719 crescendi,

177 1736 268 1762 cum
296 1723 374 1762 sibi
407 1724 483 1762 uni
506 1736 661 1773 parum
689 1736 862 1775 maynus
897 1724 1156 1774 videretur.5)
1212 1724 1323 1772 Quid
1352 1724 1567 1764 Caesarem
1596 1723 1640 1763 in
1668 1736 1747 1763 sua

175 1778 264 1827 fata
287 1778 449 1827 pariter
479 1790 524 1817 ac
554 1777 721 1827 publica
754 1778 950 1818 immisit?
976 1802 1027 1807 —
1062 1794 1099 1831 q.
1120 1794 1158 1819 n.
1181 1780 1227 1818 V.
1253 1782 1373 1823 18.10
1401 1779 1489 1826 Quo
1518 1791 1645 1827 usque
1674 1791 1746 1817 nos

176 1832 286 1870 mala
315 1834 455 1870 nostra
483 1831 741 1880 rapuerunt?
771 1863 779 1870 .
812 1864 819 1871 .
853 1863 860 1870 .
896 1832 954 1870 sic
982 1832 1153 1870 Parthis
1184 1832 1359 1870 avaritia
1388 1832 1584 1871 Crassum
1612 1831 1747 1878 dabit:

177 1899 257 1925 non
292 1884 468 1925 horrebit
503 1885 617 1925 diras
651 1886 874 1926 revocanti-s
909 1885 1076 1937 tribuni,
1117 1900 1197 1926 non
1232 1889 1485 1936 tempestates
1521 1885 1746 1937 lonyissimi

176 1939 303 1979 maris
333 1941 444 1991 (ηαδ)

308 1996 513 2048 Tyrannos
535 2000 665 2035 autem
693 2009 862 2048 poenam
891 2009 980 2036 raro
1000 1995 1215 2048 effugere7)
1247 1997 1366 2035 etiam
1387 1995 1524 2035 Cicero
1553 1999 1747 2035 memorat

177 2051 213 2088 d.
250 2051 315 2089 off.
351 2053 460 2093 2.·23.
520 2051 691 2089 Omnino
734 2050 1040 2090 declamationes
1072 2051 1113 2089 in
1149 2055 1348 2102 tyrannos,
1392 2064 1494 2101 quae
1533 2050 1745 2089 sescenties

310 2169 341 2205 l)
365 2167 481 2209 Reges
506 2170 541 2201 et
564 2170 736 2209 tyrannos
764 2168 861 2209 apud
890 2168 1024 2202 inferos
1048 2170 1233 2201 versantes
1257 2168 1434 2202 Lucianus
1457 2168 1619 2209 exagitat
1640 2170 1743 2200 mort.

176 2210 261 2242 dial.
281 2213 308 2242 1.
322 2215 352 2240 1:
375 2213 435 2242 καὶ
459 2213 600 2250 μάλιστα
618 2213 748 2242 ἐπειδὰν
767 2211 846 2250 ὁρᾷς
862 2210 876 2252 <
890 2213 924 2242 ἐν
948 2210 1089 2251 Ἃιδου)
1106 2236 1113 2243 .
1140 2235 1146 2241 .
1172 2236 1180 2244 .
1204 2214 1374 2249 σατράπας
1389 2213 1448 2242 καὶ
1463 2213 1641 2249 τυράννους
1658 2211 1744 2241 οὓτω

176 2253 348 2290 ταπεινοὺς
377 2255 436 2285 καί
465 2255 611 2294 ἀσήμους
635 2280 643 2287 .
667 2279 673 2285 .
701 2278 706 2284 .
732 2253 814 2295 gall.
832 2255 872 2287 25
902 2255 939 2285 τὸ
969 2256 1005 2285 δὲ
1034 2256 1183 2294 μέγιστον
1213 2254 1399 2293 ὑφορᾶσθαι
1427 2256 1477 2285 δεῖ
1503 2255 1644 2293 μάλιστα
1668 2255 1745 2291 τοὺς

177 2297 353 2334 φιλτάτους
381 2296 456 2333 κάξ’
478 2299 613 2328 ἐκείνων
643 2298 695 2327 ἀεί
718 2308 747 2328 τι
776 2299 881 2328 δεινὸν
912 2299 1053 2335 ἐλπίζειν
1082 2298 1190 2337 ἥξειν.
1214 2298 1250 2328 ‘O
1274 2299 1330 2336 μὲν
1359 2300 1437 2337 γοῦν
1460 2298 1522 2328 ὑπὸ
1547 2300 1603 2328 τοῦ
1626 2298 1745 2334 παιδὸς

177 2340 341 2370 ἀπέθανεν
368 2342 408 2370 ἐκ
425 2342 609 2379 φαρμάκων
635 2340 693 2381 (cf.
710 2340 791 2373 Juv.
810 2343 860 2373 14.
873 2345 938 2374 255;
961 2340 1028 2374 Dio
1050 2340 1130 2377 Chr.
1146 2341 1176 2373 6.
1189 2344 1221 2370 35
1238 2352 1277 2375 sq.
1299 2350 1332 2382 p.
1353 2341 1438 2381 102),
1462 2342 1480 2371 ὁ
1504 2342 1541 2371 δὲ
1563 2341 1623 2370 καὶ
1646 2341 1745 2377 αὐτὸς

177 2382 238 2413 ὑπὸ
260 2385 316 2414 τοῦ
333 2384 512 2422 ἐρωμένου,
529 2384 583 2414 τὸν
601 2385 638 2414 δὲ
655 2384 757 2414 ἄλλον
773 2385 852 2421 ἴσως
869 2385 982 2424 ὅμοιος
999 2385 1118 2423 τρόπος
1133 2384 1281 2414 θανάτου
1297 2385 1493 2422 κατέλαβεν.
1524 2383 1567 2417 cf.
1584 2383 1674 2417 Men.
1694 2385 1744 2416 14.

178 2443 216 2447 —
243 2426 284 2458 cf.
312 2425 405 2459 Plin.
430 2437 462 2459 n.
487 2427 572 2459 hist.
590 2427 662 2460 VII.
683 2428 753 2460 132.
778 2444 818 2449 —
842 2437 875 2460 v,
900 2427 1022 2469 Mayor
1047 2428 1086 2460 13
1110 2428 1174 2460 sat.
1199 2426 1239 2459 of
1257 2427 1338 2460 Juv.
1355 2427 1402 2461 11²
1424 2437 1457 2470 p.
1476 2429 1548 2460 109.

306 2469 340 2511 2)
365 2470 409 2504 cf.
433 2470 513 2505 Juv.
539 2480 596 2505 vv.
620 2472 661 2505 66
679 2479 729 2513 sq.
754 2472 796 2505 85
813 2480 866 2514 sq.
889 2473 932 2506 90
948 2481 999 2515 sq.
1026 2472 1087 2506 104
1103 2480 1156 2514 sq.
1287 2470 1323 2513 3)
1347 2471 1392 2505 cf.
1415 2471 1488 2506 ind.
1515 2470 1639 2506 Haase.

307 2515 342 2554 4)
367 2514 489 2548 Nihilo
519 2515 636 2548 secius
661 2515 768 2557 longe
797 2515 909 2556 abest,
937 2519 979 2550 ut
1000 2515 1212 2549 Juvenalem
1242 2515 1280 2548 id
1309 2525 1451 2558 quoque
1479 2514 1525 2549 de
1548 2515 1744 2557 exemplari

177 2557 333 2598 quodam
362 2558 580 2600 prompsisse
616 2558 841 2592 contendam.
888 2559 956 2593 Sed
985 2559 1149 2592 videmus
1183 2557 1222 2591 id
1250 2563 1372 2593 nostro
1407 2569 1489 2593 cum
1517 2558 1743 2601 philosophis

177 2608 363 2635 commune
387 2610 476 2641 esse,
505 2601 602 2644 quod
625 2601 848 2644 singulorum
877 2602 1154 2637 consuetudines
1178 2602 1479 2646 condicionesque
1508 2601 1744 2642 observando,

176 2644 354 2698 quomodo
377 2645 490 2679 vitam
520 2645 654 2687 degant
681 2645 842 2687 legentes
871 2647 1040 2681 instituit.
1087 2645 1145 2687 (cf.
1175 2645 1213 2679 E.
1237 2646 1395 2684 Weber,
1432 2647 1483 2681 De
1516 2646 1628 2680 Dione
1662 2645 1742 2679 Chr.

177 2687 260 2727 (Jyn.
285 2689 370 2721 sect.
396 2689 487 2730 Lips.
512 2689 605 2722 stud.
621 2689 652 2721 X
674 2699 708 2731 p.
725 2690 792 2729 93.)

306 2732 339 2772 5)
366 2730 423 2772 [cf.
449 2732 528 2766 Sen.
552 2732 597 2766 de
619 2734 663 2766 tr.
686 2742 741 2766 an.
761 2732 846 2774 161.]
989 2732 1022 2774 6)
1047 2732 1091 2766 cf.
1115 2742 1168 2775 ep.
1185 2734 1216 2765 4.
1227 2743 1250 2768 7.
1384 2733 1416 2773 7)
1442 2733 1485 2767 cf.
1511 2735 1622 2766 v.112
1639 2743 1691 2774 sq.

1567 2802 1588 2831 4
