1980 3097
855 133 1098 170 -10-

189 263 240 302 cf.
262 276 326 301 vv.
348 263 427 302 235
454 276 511 314 sq.
559 262 711 301 Eadem
745 262 829 301 fere
857 262 1027 313 legimus
1055 262 1161 314 apud
1187 262 1460 312 Plutarchum,
1495 263 1564 314 qui
1591 262 1765 313 Diogeni

189 317 368 369 assignat
404 316 503 357 haec
539 316 662 356 verba
699 316 776 356 div.
807 329 895 369 cup.
927 317 949 354 7
990 319 1046 369 (p.
1078 317 1218 365 5260).
1276 315 1358 356 Καὶ
1390 317 1469 369 γὰρ
1507 317 1573 364 οὓς
1602 317 1766 357 δοκοῦσι

189 373 404 418 παιδεύειν,
435 372 676 410 ἀπολλύουσι
695 372 766 409 καὶ
784 372 1205 422 προσδιαστρέφουσιν,
1236 372 1512 422 ἐμφυτεύοντες
1536 372 1610 421 τὴν
1636 373 1765 410 αὐτῶν

190 425 453 479 φιλαργυρίαν
481 426 551 464 καὶ
581 424 846 478 μικρολογίαν,
877 424 1083 477 ὡσπεροῦν
1107 438 1143 464 τι
1169 425 1353 477 φρούριον
1384 429 1456 476 τῆς
1485 424 1763 478 κληρονομίας.

193 480 331 520 Ταῦτα
359 481 437 532 γάρ
460 481 576 527 ἐστιν,
609 481 634 518 ἃ
655 486 892 531 παραινοῦσι
919 481 989 519 καὶ
1018 481 1280 519 διδάσκουσι·
1308 479 1504 532 Κέρδαινε
1532 480 1602 518 καὶ
1630 479 1765 530 φείδου

191 537 262 573 καὶ
281 535 468 573 τοσούτου
489 535 621 585 νόμιζε
653 537 819 573 σεαυτὸν
840 534 960 581 ἄξιον,
989 536 1083 573 ὅσον
1113 536 1161 572 ἂν
1190 534 1333 585 &mg-¹)
1391 533 1515 572 Τοῦτο
1542 532 1654 572 δὀὐκ
1683 534 1767 571 ἔστι

192 589 394 628 παιδεύειν
423 602 460 627 κ.
483 601 514 626 τ.
537 587 571 626 λ.
600 588 650 627 cf.
673 588 764 627 Sen.
792 601 852 640 ep.
876 589 940 628 95.
954 598 1015 631 33:
1064 587 1121 628 In
1147 587 1362 628 avaritiam
1397 586 1562 628 luxuria
1584 598 1767 638 praeceps

192 646 257 683 est.
305 643 474 682 Honesti
503 642 644 682 oblivio
668 643 828 683 invasit.
882 643 1000 682 Nihil
1025 645 1137 693 turpe
1164 645 1231 692 est,
1261 642 1374 682 cuius
1393 642 1518 693 placet
1542 639 1767 692 pretium-²)

324 697 655 748 Philosophorum
674 702 887 750 praecepta
915 697 1016 736 nihil
1034 699 1168 736 valere
1196 697 1248 736 ad
1274 709 1443 748 puerum
1472 697 1528 736 sic
1556 696 1768 736 educatum

192 752 433 792 Plutarchus
461 752 502 790 in
531 752 671 791 eodem
701 764 884 791 sermone
913 753 1087 804 exponit.
1125 752 1330 791 Juvenalis
1358 765 1394 790 v.
1419 752 1488 790 1οε

475 820 573 862 Cum
600 821 790 872 septimus
818 835 966 872 annus,

420 876 627 915 transierit
649 889 832 926 puerum,
862 877 1042 916 nondum
1072 877 1183 915 omni
1210 876 1322 916 dente
1349 879 1500 926 renato,

422 930 601 970 barbatos
630 930 714 970 licet
742 930 948 972 admoveas
975 929 1082 969 mille
1110 930 1203 970 inde
1231 930 1453 983 mayistros,

421 985 515 1025 hinc
543 985 712 1033 totidem,
739 985 866 1035 cupiet
894 984 1002 1024 lauto
1029 997 1168 1025 cenare
1189 987 1344 1034 paratu
1372 989 1446 1024 etc.

196 1055 300 1095 Plut.
328 1068 360 1093 c.
389 1057 410 1093 7
445 1087 451 1094 .
486 1087 492 1094 .
527 1087 533 1094 .
566 1058 610 1094 οὐ
640 1056 834 1107 κολοφών,
869 1057 913 1094 οὐ
950 1062 1113 1108 σφαῖρα,
1148 1056 1193 1094 οὐ
1222 1055 1504 1108 τραχηλισμὸς,
1543 1057 1616 1094 οὐκ
1645 1053 1770 1094 Ἀκα-

197 1111 333 1162 δημία,
365 1112 409 1149 οὐ
429 1110 596 1149 Λύκειον
624 1132 631 1139 ·
658 1110 743 1149 ἀλλ’
767 1112 929 1150 οἰκετῶν
951 1109 1196 1162 ἀνάκρισις3)
1225 1112 1294 1149 καὶ
1313 1111 1591 1162 γραμματείων
1612 1110 1771 1148 ἐπίσκε-

196 1166 260 1215 ψις
278 1165 348 1202 καὶ
367 1167 464 1215 πρὸς
485 1165 711 1216 οἰκονόμους
730 1167 755 1216 ἢ
774 1165 980 1216 χρεώστας
1001 1165 1252 1216 διαλογισμὸς
1279 1195 1450 1202 .....
1477 1166 1555 1202 κᾶν
1580 1165 1670 1215 εἴπῃ
1690 1177 1747 1209 τις
1760 1173 1769 1180 ·

198 1217 284 1257 Οὐκ
306 1220 461 1270 ἀκούσῃ
483 1225 550 1257 τοῦ
571 1219 802 1270 φιλοσόφους
833 1219 968 1258 Πόθεν
989 1219 1091 1271 ἐμοῖς
1122 1232 1241 1269 φησιν
1262 1233 1298 1257 κ.
1321 1232 1352 1257 τ.
1374 1219 1408 1257 λ.
1435 1218 1485 1257 cf.
1505 1218 1592 1257 Iuv.
1613 1232 1649 1257 v.
1675 1219 1771 1257 191:

357 1319 366 1327 .
399 1319 408 1329 .
440 1319 448 1327 .
479 1291 590 1338 pater
617 1289 777 1328 excitat:
810 1290 962 1339 »accipe
989 1301 1108 1338 ceras,

354 1343 474 1382 scribe
498 1356 614 1393 puer,
643 1343 821 1394 viyila4)‚·
848 1356 987 1383 causas
1015 1356 1095 1394 aye,
1122 1342 1444 1394 perleyerubras

357 1398 554 1438 maiorum
584 1397 712 1448 leyes.«

330 1468 417 1507 Non
457 1456 619 1507 fortuito
660 1470 837 1507 evenisse
878 1470 1058 1516 arbitror,
1099 1474 1143 1507 ut
1180 1469 1418 1507 Plutarchus
1463 1482 1508 1507 ac
1547 1473 1681 1507 noster
1717 1469 1774 1506 ita

198 1527 465 1574 congruerent
513 1536 603 1562 cum
651 1523 753 1562 hanc
801 1527 976 1563 saturam
1024 1523 1073 1562 ad
1123 1521 1292 1575 Cynicos
1338 1523 1402 1562 vel
1450 1523 1597 1562 similes
1643 1522 1776 1562 fontes

199 1578 466 1617 reducendam
496 1591 582 1617 esse
611 1579 790 1617 versibus
820 1578 1037 1618 308—310
1067 1578 1197 1617 fulciri
1226 1579 1399 1618 videtur:

989 1649 1094 1687 dolia
1122 1649 1226 1688 ‘nudi

397 1715 480 1742 non
510 1703 655 1742 ardent
683 1702 840 1753 Cynici3
869 1703 904 1742 si
930 1702 1106 1754 fregeris,
1136 1703 1264 1742 altera
1291 1703 1355 1751 fiet

398 1769 483 1795 cras
508 1757 657 1806 domus,
688 1760 803 1806 atque
830 1757 961 1795 eadem
985 1757 1147 1806 plumbo
1173 1757 1374 1796 commissa
1404 1756 1586 1796 manebit.

200 1828 263 1866 Ab
302 1832 461 1866 auctore
500 1828 694 1866 eiusmodi
728 1827 986 1866 Plutarchum
1023 1841 1179 1879 quoque
1215 1827 1388 1879 pendere
1425 1828 1629 1879 probabile
1667 1825 1778 1876 est.⁵)

334 1882 558 1921 Avarorum
598 1890 731 1921 autem
771 1883 937 1922 liberis
977 1888 1198 1934 parentes
1238 1882 1342 1922 odio
1387 1895 1488 1921 esse
1528 1888 1566 1921 et
1606 1880 1780 1933 Cynicus

202 1936 404 1987 quidamss)
434 1942 473 1974 et
501 1937 739 1975 Plutarchus
767 1942 942 1975 narrant.
975 1937 1024 1975 cf.
1045 1937 1137 1975 Juv.
1163 1939 1223 1974 14.
1245 1937 1342 1975 244:

429 2007 537 2055 Erqo
566 2008 708 2058 iynem,
737 2009 849 2047 cuius
877 2008 1069 2047 scintillas
1097 2009 1178 2057 ipse
1205 2008 1357 2056 dedisti,

427 2061 659 2112 Jiaqrantem
690 2062 765 2101 late
792 2065 827 2101 et
855 2060 1070 2113 rapientem
1095 2065 1233 2102 cuncta
1263 2062 1416 2101 videbis.

430 2116 509 2156 Nec
538 2116 608 2156 tibi
634 2119 818 2166 parcetur
847 2117 997 2166 misero,
1028 2117 1300 2167 trepidumque
1326 2116 1555 2168 magistrum

432 2172 477 2210 in
505 2183 619 2210 cavea
647 2183 794 2222 mayno
820 2171 980 2220 fremitu
1011 2172 1067 2210 leo
1096 2171 1199 2210 tollet
1225 2171 1426 2210 alumnus.

297 2225 375 2262 250
432 2254 442 2263 .
465 2255 474 2264 .
497 2253 506 2262 .
528 2254 538 2264 .
569 2226 651 2264 iam
680 2238 789 2265 nunc
818 2226 942 2265 obstas
969 2228 1005 2265 et
1032 2228 1118 2265 vota
1148 2225 1330 2275 moraris,

435 2281 515 2318 iam
545 2283 695 2329 torquet
722 2280 899 2319 iuvenem
930 2280 1046 2330 lonya
1074 2283 1110 2319 et
1136 2281 1297 2325 cervina
1326 2282 1506 2319 senectus.

298 2334 376 2370 254
434 2362 444 2372 .
466 2362 475 2371 .
499 2364 508 2373 .
530 2363 540 2372 .
570 2334 806 2374 medicamen
835 2334 1057 2374 habendum
1085 2337 1139 2374 est

431 2388 580 2427 sorbere
609 2391 702 2428 ante
730 2389 868 2437 cibum,
899 2390 1001 2438 quod
1031 2389 1160 2428 debeat
1187 2391 1221 2427 et
1248 2391 1359 2438 pater
1386 2391 1421 2427 et
1448 2387 1569 2437 rexss)

342 2466 372 2504 1)
398 2468 441 2499 cf.
458 2467 557 2502 3143.

338 2510 371 2549 2>
397 2509 475 2544 Sem
501 2520 554 2553 ep.
574 2511 698 2547 115.14.
731 2511 776 2544 cf.
800 2511 870 2545 Cic.
886 2520 958 2553 par.
976 2512 1035 2548 43;
1061 2510 1152 2544 Plut.
1170 2511 1242 2544 div.
1261 2521 1339 2554 cup.
1356 2514 1375 2545 4
1401 2511 1546 2553 (524D);
1571 2511 1638 2545 Dio
1655 2509 1710 2544 IV.
1728 2511 1782 2544 95.

205 2563 238 2595 p.
264 2554 303 2585 81
331 2552 370 2585 D.
506 2556 538 2594 3)
564 2555 607 2588 cf.
635 2558 684 2588 14.
700 2566 730 2590 io
746 2564 799 2596 sq.
932 2556 967 2593 4)
995 2555 1074 2588 Luc.
1092 2554 1182 2587 Tim.
1203 2558 1257 2594 14;
1281 2555 1348 2589 Dio
1367 2555 1423 2588 IV.
1440 2557 1492 2588 92.
1516 2566 1548 2597 p.
1566 2557 1603 2589 81
1622 2554 1662 2588 D.

337 2596 372 2635 5)
390 2596 441 2630 De
456 2597 564 2630 Bione
578 2598 740 2640 cogitant
753 2598 880 2637 Hense,
898 2597 971 2634 Tel,
985 2598 1047 2630 rel.
1062 2597 1180 2638 LXIX,
1198 2598 1340 2639 Heium,
1357 2599 1401 2632 de
1420 2599 1501 2632 Hor.
1519 2599 1556 2632 B.
1572 2598 1663 2632 imit.
1680 2607 1714 2640 p.
1730 2598 1782 2630 18.

283 2683 289 2689 .
333 2640 367 2680 6)
376 2639 471 2674 Stob.
480 2641 514 2674 fl.
524 2643 575 2675 93.
589 2652 629 2677 31.
638 2642 689 2675 De
703 2645 849 2676 auctore
862 2641 970 2676 huius
984 2641 1161 2676 diatribae
1175 2641 1375 2685 disputavit
1385 2643 1426 2677 U.
1439 2644 1484 2677 de
1492 2642 1727 2677 Wilamowitz
1737 2639 1783 2674 M.

206 2684 327 2726 Antlg.
353 2684 489 2727 Caryst.
520 2696 553 2728 p.
571 2687 634 2720 293
657 2687 700 2721 cf.
725 2686 869 2727 Heinze,
899 2686 943 2720 de
972 2687 1053 2720 Hor.
1079 2685 1115 2719 B.
1140 2687 1200 2720 im.
1224 2698 1256 2729 p.
1281 2690 1330 2721 18.

339 2730 374 2768 7)
398 2730 442 2762 cf.
478 2739 509 2761 v.
538 2731 612 2762 21⁶2.
812 2732 845 2770 8)
871 2730 914 2763 cf.
933 2731 961 2763 3.
976 2741 1017 2762 412.
