1980 3097
873 125 1116 162 —22—

206 259 382 304 vomunt,
403 258 447 294 ut
474 256 606 306 edant,
636 256 769 304 edunt,
791 258 836 294 ut
864 258 1037 303 vomant,
1049 255 1082 305 ¹)
1102 256 1243 294 acerbe
1271 255 1477 294 Juvenalis
1507 257 1779 308 reprehendit:

210 313 272 350 11.
294 322 352 353 174

405 395 412 402 .
446 395 453 401 .
489 394 495 401 .
529 393 537 400 .
568 363 645 403 Ille
670 363 838 415 fruatur

404 419 559 458 vocibus
587 419 753 459 obscenis
782 419 964 468 omnique
993 418 1173 459 libidinis
1201 421 1300 468 arte,

404 475 474 523 qui
502 473 856 512 Lacedaemonium
884 473 1090 523 pytismate
1119 473 1285 513 lubricat
1313 472 1452 512 orbem.

231 541 266 578 6.
284 550 347 582 425
407 568 414 574 .
448 568 455 575 .
489 568 496 575 .
529 538 685 578 tandem
714 538 786 578 illa
814 539 920 578 veuit
947 538 1228 589 rubicundula,
1259 540 1378 578 totum

404 594 668 643 oenophorum
695 593 832 633 sitiens
834 623 1006 632 .....

271 669 344 702 429.
403 660 496 698 dum
525 659 627 698 redit
653 661 689 697 et
717 659 791 697 loto
819 661 969 697 terram
995 658 1089 708 ferit
1116 659 1314 699 intestino.

403 711 673 752 Marmor-ibus
700 713 779 752 rivi
803 715 1034 763 properant,
1063 715 1209 752 aurata
1237 712 1459 753 Falernum

398 767 522 818 pelvis
550 767 640 816 olet;
670 780 767 808 nam
796 768 850 806 sic
879 770 1079 817 tamquam
1109 767 1192 807 alta
1221 767 1267 807 in
1296 767 1402 806 dolia
1432 766 1573 819 lorcyus

401 822 583 861 deciderit
608 834 774 871 serpens,
804 822 898 861 bibit
924 825 960 860 et
986 821 1117 860 vomit.
1175 834 1256 872 eqs.
1288 822 1338 859 cf.
1360 824 1487 863 9.116.

337 897 428 936 Seu.
450 911 512 949 ep.
535 899 598 936 95.
616 908 668 939 21.
698 896 792 937 Non
823 897 958 936 minus
976 895 1191 948 (feminae)
1211 895 1502 947 perviyilant,²)
1527 908 1612 936 ‘non
1641 896 1780 935 minus

202 953 357 1002 potant,
387 955 422 991 et
441 952 520 991 oleo
538 954 575 991 et
592 965 696 991 mero
714 952 818 991 viros
831 954 1057 1003 provocant.
1102 951 1232 1001 Aeque
1250 951 1387 991 invitis
1405 951 1554 1003 inqesta
1572 950 1779 991 visceribus

201 1019 273 1057 per
313 1019 353 1046 os
386 1007 558 1047 reddunt
590 1010 625 1046 et
663 1007 801 1046 vinum
836 1019 949 1046 omne
985 1006 1131 1046 vom-itu
1169 1006 1482 1054 remetiuntur.³)
1541 1007 1590 1046 cf.
1625 1007 1673 1046 fr.
1710 1007 1773 1046 65.

205 1061 354 1100 Omnes
379 1063 550 1114 denique
578 1062 791 1113 pudicitiae
819 1062 927 1113 leges
957 1075 980 1100 a
1007 1061 1218 1100 vinolentis
1237 1061 1340 1100 laedi
1359 1062 1579 1100 illustratur
1597 1062 1777 1101 versibus

204 1117 241 1154 6.
258 1126 323 1158 314
341 1135 390 1167 sq.
417 1127 483 1159 300
498 1134 549 1168 sq.
586 1116 634 1155 cf.
666 1116 757 1155 Sen.
789 1129 849 1168 ep.
873 1116 937 1155 83.
953 1127 1005 1158 20.
1042 1138 1090 1142 —
1128 1117 1190 1155 Ab
1226 1117 1345 1156 ebriis
1378 1116 1495 1155 facile
1529 1116 1779 1155 adversarios

201 1170 408 1208 victoriam
438 1175 641 1221 reportare
668 1170 694 1208 J
699 1171 874 1209 uvenalis
903 1171 998 1208 dicit
1021 1172 1082 1208 15.
1099 1182 1157 1212 47:

479 1246 603 1295 Adde,
633 1247 734 1296 quod
762 1248 797 1286 et
823 1245 955 1296 facilis
983 1245 1146 1285 victoria
1176 1245 1222 1285 de
1250 1246 1421 1285 madidis
1447 1248 1482 1284 et

482 1300 620 1340 blaesis
647 1303 762 1350 atque
788 1313 892 1340 mero
920 1300 1227 1349 titutantibus.⁴¹)

334 1377 381 1415 cf.
405 1377 495 1416 Seu.
517 1390 577 1429 ep,
600 1377 664 1416 83.
682 1388 735 1419 ⁶22.
766 1375 912 1428 Coqua,
940 1389 1039 1426 quas
1066 1376 1190 1416 clades
1213 1376 1376 1416 ediderit
1401 1375 1561 1426 publica
1594 1376 1775 1425 ebrietas;

201 1430 291 1470 haec
320 1432 533 1471 acerrimas
557 1435 686 1483 yentes
711 1431 977 1481 bellicosasque
1002 1431 1173 1470 hostibus
1193 1431 1386 1470 tradidit.
1411 1461 1417 1467 .
1443 1460 1450 1467 .
1475 1460 1482 1468 .
1504 1431 1596 1471 haec
1613 1431 1776 1471 invictos

200 1486 282 1525 acie
309 1499 414 1526 mero
443 1486 603 1525 domuit.

331 1541 475 1581 Rixas
510 1541 815 1579 convivarum
845 1541 1147 1587 vinolentorum,
1178 1541 1315 1591 quales
1344 1545 1477 1579 noster
1504 1553 1584 1579 non
1613 1540 1775 1592 illepide

200 1595 388 1634 describit
406 1595 444 1634 5.
462 1606 502 1637 26
517 1614 569 1646 sq,
608 1595 761 1634 Seneca
789 1595 1000 1634 adumbrat
1028 1608 1088 1646 ep.
1111 1594 1173 1633 83.
1192 1605 1243 1637 20,
1287 1594 1378 1633 Juv.

460 1670 607 1720 Jurqia
631 1670 867 1720 proludunt,
896 1670 962 1709 sed
988 1682 1079 1708 mox
1105 1672 1141 1708 et
1165 1669 1305 1719 pocula
1334 1672 1486 1719 torques

461 1725 619 1765 saucius
645 1727 680 1763 et
706 1724 831 1764 rubra
859 1724 1029 1776 deterges
1060 1723 1224 1764 vulnera
1252 1735 1410 1774 mappa,

462 1779 566 1818 inter
593 1792 659 1818 vos
687 1779 863 1827 quotiens
892 1778 1189 1827 libertorumque
1216 1777 1405 1817 cohortem

459 1844 598 1883 puyna
626 1832 854 1883 Saquntina
881 1831 1001 1882 fervet
1028 1831 1228 1872 commissa
1258 1831 1411 1883 lagona.

332 1909 421 1947 Sen.
464 1908 580 1948 Tunc
616 1906 719 1958 (scil.
762 1909 794 1946 si
832 1909 964 1947 ebrius
1004 1906 1084 1958 est>
1118 1907 1302 1957 petulans
1335 1919 1418 1947 nou
1456 1907 1648 1958 linquam,
1685 1919 1770 1947 non

198 1973 366 2002 manum
395 1962 576 2001 continet.
588 1959 618 2010 5)

328 2016 460 2055 Etiam
493 2016 758 2055 turbulentius
793 2016 1017 2055 convivium
1052 2020 1124 2063 est,
1161 2016 1267 2067 quod
1300 2015 1414 2054 Philo
1448 2018 1583 2054 narrat
1616 2015 1666 2054 de
1699 2016 1767 2054 vit.

197 2076 299 2109 cont.
332 2073 369 2119 5,
410 2076 450 2109 et
488 2071 615 2121 magis
656 2071 840 2109 convenit
879 2071 928 2109 ad
970 2074 1041 2109 sat.
1075 2072 1136 2118 15,
1179 2071 1247 2109 ubi
1285 2069 1531 2119 describitur,
1572 2070 1770 2121 quomodo

195 2125 350 2164 incolae
380 2125 556 2176 oppiduli
575 2125 761 2176 Aegyptii
792 2125 989 2164 civitatem
1018 2124 1227 2163 finitimam
1256 2126 1419 2174 tempore
1437 2123 1532 2174 festo
1561 2128 1771 2163 cenantem

197 2180 432 2231 opprimant.
493 2180 597 2218 Satis
626 2184 686 2218 est
713 2179 784 2218 hos
813 2192 951 2218 versus
981 2192 1228 2230 comparare:

195 2276 272 2317 ipse
302 2277 376 2313 περὶ
406 2276 510 2315 μέθης,
539 2275 684 2317 scripsit
710 2275 733 2307 Ι.
756 2277 818 2308 357
838 2292 878 2315 sq.
902 2275 960 2315 (cf.
991 2284 1024 2306 v.
1054 2275 1190 2315 Arnim,
1219 2284 1252 2316 p.
1278 2276 1350 2315 101,
1381 2274 1508 2308 Philol.
1542 2274 1680 2308 Unters.
1710 2274 1768 2316 XI,

191 2318 440 2358 Quellenstud.
465 2328 510 2351 zu
538 2317 642 2351 Philo
670 2319 778 2358 1888.)
825 2319 941 2351 Antea
969 2327 1049 2351 eam
1078 2318 1263 2351 materiam
1292 2319 1512 2352 tractaverat
1534 2317 1771 2352 Antisthenes

195 2362 252 2401 (D.
271 2362 306 2394 L.
325 2362 379 2395 VI.
403 2361 465 2402 18).
504 2361 585 2395 Sen.
609 2371 663 2404 ep.
681 2363 734 2402 83,
746 2365 836 2391 9--27.
874 2361 981 2395 Clem.
1005 2361 1109 2403 paed.
1131 2361 1174 2394 11.
1199 2370 1275 2403 cap.
1298 2362 1327 2395 2.
1366 2361 1472 2401 (Plut.
1497 2362 1542 2394 de
1566 2361 1698 2403 garrul.
1720 2362 1766 2402 4).

194 2405 286 2438 P1in·.
307 2407 344 2438 14
369 2413 446 2446 cap.
463 2406 515 2437 2⁶2.
654 2405 683 2444 1)
706 2404 786 2438 Seu.
810 2403 856 2437 ad
881 2404 982 2438 Helv.
1002 2406 1080 2437 lO.3
1103 2404 1148 2437 cf.
1172 2404 1242 2437 Cic.
1266 2403 1385 2438 fin.11.
1402 2405 1454 2437 23.

326 2448 362 2485 2)
386 2447 430 2481 cf.
450 2450 481 2480 6.
494 2451 625 2482 302‚³09;
652 2450 700 2480 11.
714 2453 770 2478 187.

325 2492 360 2529 3)
384 2491 427 2525 cf.
446 2491 555 2525 Clem.
570 2491 674 2534 paed.
691 2491 731 2524 11.
748 2492 800 2524 33.
826 2509 866 2513 -
884 2489 1096 2524 vinolentae
1113 2490 1269 2524 feminae
1290 2490 1334 2524 ab
1352 2490 1591 2534 Aristophane
1612 2491 1770 2534 ahisque

194 2534 342 2568 comicis
364 2535 401 2568 in
419 2543 563 2568 scenam
580 2534 836 2577 producuntur,
852 2536 977 2567 utnon
996 2534 1168 2567 miremur
1188 2534 1257 2568 hoc
1273 2536 1525 2576 argumentum
1546 2534 1584 2568 in
1607 2534 1766 2577 philoso-

194 2578 349 2630 phorum
365 2587 507 2621 quoque
523 2578 692 2612 diatribis
707 2577 872 2611 inveniri.
896 2576 1060 2612 Irrisoria
1071 2577 1167 2611 enim
1182 2578 1301 2621 poesis
1318 2579 1354 2612 et
1367 2577 1598 2621 philosophia
1612 2580 1765 2621 anguste

192 2624 289 2657 mter
317 2631 356 2655 se
386 2631 542 2657 conexae
571 2624 667 2663 suut,
697 2622 791 2664 quod
821 2622 956 2664 optime
980 2630 999 2656 e
1023 2622 1264 2665 Theophrasti
1290 2622 1473 2666 personati
1497 2622 1769 2657 characteribus

193 2669 302 2709 patet.
328 2666 372 2699 cf.
397 2666 438 2699 M.
464 2668 548 2700 Aur.
564 2667 622 2700 XI.
640 2669 668 2700 6.
692 2667 786 2705 (Sen.
810 2666 908 2699 brev.
931 2676 964 2698 v.
984 2667 1034 2699 12.
1044 2666 1083 2706 8.)

324 2710 360 2746 4)
384 2710 430 2742 cf.
453 2710 533 2743 Seu.
557 2710 602 2743 de
626 2710 681 2743 ira
696 2709 740 2742 11.
757 2711 808 2742 28.
819 2714 843 2739 8.
867 2709 891 2742 1.
912 2710 959 2742 13.
971 2714 994 2738 3.
1127 2708 1161 2749 5)
1186 2709 1230 2743 cf.
1254 2709 1333 2745 Sen.
1358 2718 1411 2752 ep.
1428 2711 1534 2744 95.16.
