1980 3097
851 161 995 199 -57
1041 182 1090 187 ,-

191 305 254 344 ep.
287 291 350 330 66.
363 300 423 338 323
454 288 534 329 Cic.
565 289 679 329 Tusc.
711 292 747 330 4.
765 301 825 334 34:
854 289 956 340 Ipsa
983 289 1115 329 virtus
1140 288 1382 329 brevissume
1402 291 1512 329 recta
1540 287 1645 328 ratio
1675 285 1757 327 dici

185 346 332 394 potest.
390 344 481 383 Alio
510 345 596 383 loco
605 343 633 394 ¹)
662 346 784 384 animi
811 347 959 384 sanitas
986 346 1112 384 virtus
1139 348 1317 384 vocatur.
1350 366 1400 371 —
1431 345 1583 383 Seneca
1616 356 1756 395 quam-

192 411 314 451 quam
334 398 550 437 secundum
570 399 742 438 Stoicam
762 400 1008 452 disciplinam
1029 400 1203 452 corporis
1222 399 1490 438 valetudinem
1513 412 1588 438 nec
1606 398 1756 438 bonum

193 467 267 493 nec
294 453 442 492 malum
471 467 556 493 esse
581 453 834 504 existimat,²)
862 459 995 493 tamen
1024 467 1103 493 non
1121 459 1242 506 negat
1259 454 1545 504 indulgendum
1573 454 1643 502 illi,
1673 467 1756 492 ser-

192 507 380 547 viendum
421 506 599 560 negat33)
643 512 683 546 et
722 509 807 560 ipse
849 521 1005 560 quoque
1048 508 1153 547 idem
1195 508 1428 560 praescribit
1469 521 1516 547 ac
1549 508 1756 547 Juvenalis

191 576 255 614 ep.
290 562 352 601 10.
366 574 406 606 4:
435 560 623 601 Votorum
651 564 814 601 tuorum
841 564 1021 600 veterum
1058 561 1148 600 licet
1181 561 1267 601 deis
1293 561 1471 612 qratiam
1497 561 1640 611 facias,
1672 561 1757 601 alia

190 617 242 654 de
285 614 440 665 iuteyro
483 614 662 664 suscipe:
705 624 803 665 roqa
846 615 989 653 bonam
1030 619 1214 664 mentem,
1224 617 1255 664 4)
1297 615 1570 654 valetudinem
1613 615 1754 663 animi,

192 668 341 709 deinde
370 671 467 708 tunc
496 668 727 719 corporis.5)

325 726 523 776 Sapientis
551 737 637 763 esse
666 727 864 763 mortem
899 729 1198 763 contemnere
1228 725 1337 772 (357)
1369 726 1491 764 Stoici
1518 739 1596 764 non
1627 726 1757 764 minus

190 792 314 831 quam
357 779 498 831 reliqui
541 791 677 817 omnes
718 778 941 831 philosophi
981 778 1196 818 identidem
1238 779 1480 831 repetebant.
1536 779 1758 819 Sescenties

188 834 298 887 apud
333 835 525 874 Senecam
559 833 727 886 legimus
760 845 892 871 uuum
926 845 1009 871 esse
1044 845 1096 871 eoo
1129 832 1234 872 vitae
1270 832 1414 882 officiis
1447 835 1485 871 et
1517 833 1631 873 mori.
1641 834 1675 884 ⁶)
1706 855 1757 867 ——.

191 903 228 927 v.
251 889 331 928 360
360 889 582 936 incitamur,
613 892 656 927 ut
684 889 860 927 animum
888 892 1082 939 petamus,
1111 889 1177 939 qui
1207 886 1360 925 nesciat
1388 886 1522 925 irasci.
1579 889 1628 927 cf.
1650 889 1686 927 8.
1703 901 1757 932 88·

191 943 298 982 Ultio
329 957 485 995 quoque
513 943 759 995 improbatur
791 944 935 986 13.180
954 956 1010 994 sq.

453 1018 510 1056 At
535 1017 716 1057 vindicta
744 1017 892 1057 bouum
919 1017 1003 1056 vita
1031 1016 1254 1056 iucundius
1283 1016 1386 1066 ipsa.
1419 1040 1460 1044 —-

453 1072 607 1122 Nempe
637 1072 707 1111 hoc
734 1071 898 1121 indocti,
929 1085 1101 1121 quorum
1124 1071 1368 1121 praecordia
1397 1070 1524 1109 nullis

455 1126 663 1165 interdum
692 1129 764 1164 aut
793 1125 943 1166 levibus
971 1125 1109 1164 videas
1135 1125 1358 1175 flayrantia
1386 1124 1536 1164 causis:

324 1237 398 1275 189
457 1265 1349 1274 ..............
1411 1232 1564 1272 minuti

453 1301 610 1339 semper
639 1291 677 1328 et
704 1288 860 1338 infirmi
889 1291 947 1328 est
977 1288 1105 1328 animi
1132 1288 1349 1340 exiguique
1379 1288 1564 1339 voluptas

451 1344 572 1383 ultio:
601 1343 788 1383 continuo
817 1343 875 1382 sic
903 1343 1053 1394 colliye,
1083 1344 1188 1393 quod
1215 1343 1432 1383 vindicta

452 1411 582 1438 nemo
611 1397 764 1449 maqis
791 1398 970 1449 yaudet
998 1410 1137 1448 quam
1164 1397 1358 1448 femina.

324 1476 416 1515 Sive
445 1477 485 1514 id
514 1477 555 1514 in
583 1476 693 1515 libris
723 1476 1046 1527 philosophorum
1073 1476 1170 1527 legit
1188 1477 1271 1514 sive
1301 1489 1373 1514 sua
1400 1479 1538 1527 sponte
1564 1488 1586 1513 e
1616 1488 1760 1527 magno

192 1530 514 1582 philosophorum
570 1544 734 1570 numero
782 1530 833 1569 ad
888 1530 1120 1582 patientiam
1172 1530 1448 1569 celebrandam
1483 1529 1760 1582 Chrysippum,

188 1586 408 1635 Socratem,
437 1585 646 1624 Thaletem
676 1585 794 1636 elegit
803 1585 846 1634 7),
890 1589 1041 1624 certum
1069 1589 1129 1623 est
1165 1585 1263 1624 haec
1296 1588 1509 1637 praecepta
1542 1585 1760 1624 doctrinam

194 1640 415 1680 Stoicorum
444 1653 595 1692 sapere,
625 1640 770 1692 quippe
800 1639 868 1691 qui
895 1640 967 1691 τὴν
998 1640 1144 1691 ἀρετὴν
1172 1640 1348 1679 τίθενται
1378 1640 1417 1679 ἐν
1446 1645 1494 1690 τῇ
1527 1639 1716 1692 ἀπαθείᾳ.
1728 1638 1761 1689 8)

194 1702 273 1734 πᾶν
306 1695 373 1746 μὲν
402 1696 479 1746 γὰρ
509 1694 641 1741 πάθος
671 1694 843 1746 ἁμαρτία
871 1725 878 1732 .
902 1725 909 1732 .
974 1694 1066 1733 ἐστί.
1077 1693 1105 1744 9)
1136 1716 1187 1720 -
1216 1694 1279 1733 De
1307 1695 1366 1733 ira
1393 1694 1612 1746 peculiares
1640 1694 1761 1733 libros

189 1750 433 1801 scripserunt
479 1748 760 1800 Antipaterffl),
795 1746 1120 1796 Philodemus²¹).
1155 1749 1404 1797 Plutarchus,
1452 1749 1616 1787 Seneca.
1629 1748 1678 1798 ¹2)
1709 1771 1759 1775 —

192 1804 243 1842 cf.
275 1803 365 1843 Sen.
396 1804 445 1842 de
471 1804 515 1842 ir.
551 1803 602 1841 Π.
626 1805 695 1845 6.1
729 1800 924 1841 ..Ira
960 1801 1003 1841 ob
1044 1800 1224 1840 alienum
1261 1780 1475 1852 peccat'um
1515 1801 1682 1841 sordida
1723 1804 1761 1840 et

193 1856 357 1907 (myusti
386 1855 562 1906 pectoris
597 1859 656 1895 est
685 1887 692 1894 .
768 1887 775 1894 .
811 1855 945 1906 ipsam
980 1855 1087 1895 iram
1115 1855 1288 1909 (virtus)
1318 1855 1596 1906 castiyandam
1631 1855 1758 1905 habet,

191 1919 293 1960 quae
322 1910 448 1950 nihilo
477 1909 618 1950 melior
646 1913 717 1960 est,
746 1922 865 1960 saepe
895 1909 1017 1949 etiam
1046 1923 1163 1960 peior
1192 1910 1254 1949 his
1287 1910 1513 1962 delictisffl)
1570 1911 1760 1951 Similiter

187 1966 331 2006 <Cicero
371 1967 488 2005 Tusc.
529 1967 564 2005 3.
597 1978 634 2009 19
677 1964 915 2015 Numquam
956 1964 1100 2015 iyitur,
1144 1967 1287 2018 inquit,
1336 1964 1500 2015 sapiens
1543 1963 1759 2013 irascitur,-

193 2033 289 2059 nam
329 2019 366 2059 si
400 2019 606 2070 irascitur,
647 2019 769 2058 etiam
811 2018 1077 2069 concupiscit:
1087 2020 1136 2069 14)
1173 2019 1392 2070 proprium
1431 2022 1490 2058 est
1517 2018 1626 2058 enim
1659 2018 1759 2058 irati

187 2087 348 2125 cupere,
371 2087 396 2114 a
410 2088 486 2124 quo
507 2075 640 2113 laesus
659 2074 856 2123 videatur,
878 2073 915 2112 ei
935 2086 1056 2122 quam
1075 2074 1304 2113 maximum
1323 2074 1499 2113 dolorem
1518 2073 1694 2112 inurere.
1709 2074 1757 2123 ¹⁵)

189 2131 238 2169 cf.
260 2130 310 2169 M.
328 2132 424 2170 Aur.
445 2130 504 2169 XI
529 2131 588 2169 18.
604 2141 622 2173 9
639 2129 855 2182 Πρόχειρον
877 2129 920 2167 δὲ
937 2129 977 2167 ἐν
997 2136 1080 2176 ταῖς
1100 2130 1244 2180 ὀργαῖς,
1266 2131 1323 2168 ὅτι
1343 2130 1429 2181 οὐχὶ
1455 2132 1498 2168 τὸ
1524 2129 1757 2182 θυμοῦσθαι

323 2228 356 2267 1)
380 2227 483 2261 Tusc.
507 2229 536 2260 4.
550 2231 592 2260 30.
753 2227 786 2267 2)
811 2235 864 2268 ep.
889 2227 940 2259 92.
1095 2226 1131 2265 3)
1154 2235 1208 2268 ep.
1235 2228 1313 2259 14.1
1337 2227 1381 2260 ct.
1416 2227 1509 2259 9211
1545 2226 1674 2269 (Epict.
1700 2227 1759 2260 III.

187 2273 368 2312 ease-8133
397 2271 463 2304 Dio
487 2270 565 2304 Chr.
590 2269 645 2303 VI.
670 2271 690 2303 8
706 2279 757 2312 sq.
781 2279 814 2311 p.
831 2271 882 2303 97.
896 2269 936 2302 D.
962 2268 1075 2311 [Luc]
1100 2269 1248 2303 Demon.
1270 2270 1304 2311 4)

321 2316 356 2354 4)
381 2314 425 2347 cf.
449 2314 528 2348 Seu.
553 2322 606 2356 ep.
629 2314 739 2349 31.11;
762 2323 796 2346 n.
821 2323 854 2355 q.
877 2312 926 2346 111
948 2322 1001 2355 pr.
1021 2316 1070 2346 14.
1120 2313 1153 2353 5)
1179 2312 1235 2356 [cf.
1258 2314 1351 2347 Petr.
1369 2315 1411 2347 88
1434 2312 1490 2346 ed.
1516 2312 1553 2346 B.
1569 2323 1604 2355 p.
1628 2316 1680 2347 59.
1690 2313 1759 2356 27.].

216 2402 239 2435 d
322 2359 356 2399 6)
382 2367 435 2400 ep.
452 2360 557 2391 77.19.
598 2357 641 2391 cf.
665 2356 739 2390 ind.
763 2357 830 2390 sub
854 2366 941 2390 voce
964 2356 1100 2390 mortis.
1118 2375 1158 2380 —
1175 2357 1245 2391 Cic.
1269 2357 1410 2391 Tuscul.
1433 2356 1495 2390 lib.
1516 2357 1542 2390 Ι.
1580 2367 1614 2389 v.
1639 2357 1760 2400 Mayor

190 2411 214 2435 a
242 2427 249 2434 .
277 2404 398 2435 10.357.

324 2445 362 2486 7)
382 2444 425 2479 cf.
450 2444 543 2478 Frdl.
567 2454 600 2486 p.
617 2445 668 2477 38.

319 2489 353 2530 8)
378 2488 500 2532 [Plut.]
525 2488 585 2521 vit.
604 2487 703 2522 Hom.
723 2488 784 2521 134
833 2487 877 2522 cf.
901 2487 1016 2521 Zeller
1040 2488 1089 2522 111
1109 2487 1141 2521 1³
1163 2499 1196 2532 p.
1214 2490 1277 2523 235
1301 2488 1397 2529 (Juv.
1414 2490 1503 2530 364).

322 2533 356 2574 9)
379 2533 472 2568 Plut.
501 2532 581 2566 virt.
610 2533 763 2566 ωσι-,10
790 2542 824 2575 p.
845 2533 920 2566 445.
966 2532 1011 2566 cf.
1042 2531 1155 2566 Zeller
1181 2533 1264 2566 1111
1296 2543 1330 2575 p.
1352 2535 1416 2567 224
1438 2542 1490 2576 sq.
1537 2533 1750 2567 Bonhoeffer

187 2577 250 2610 die
273 2577 353 2611 Eth.
377 2577 441 2610 des
465 2576 514 2610 St.
538 2575 649 2618 Epict-
666 2577 707 2609 46
726 2584 779 2617 sq.

326 2621 378 2661 10)
401 2619 446 2653 cf.
470 2619 599 2653 Athen.
617 2621 658 2652 14
671 2623 780 2655 (ΜΒΓ).
917 2618 969 2658 ll)
995 2618 1040 2653 cf.
1064 2618 1136 2652 Tel.
1161 2619 1215 2652 ed.
1241 2619 1358 2652 Hense
1375 2619 1460 2654 LIX.

325 2665 378 2702 12)
402 2662 446 2697 cf.
471 2662 567 2696 Stob.
591 2662 627 2696 fl.
644 2664 695 2696 20.

326 2706 379 2747 13)
405 2706 448 2740 cf.
473 2706 518 2740 de
541 2708 653 2740 const.
673 2707 721 2739 17.
739 2711 772 2747 43
795 2705 840 2740 de
862 2705 916 2740 ira
940 2706 963 2739 I.
984 2706 1104 2743 13.4‚5.
1151 2705 1210 2740 111.
1235 2707 1263 2739 5.
1277 2711 1335 2741 7,8.
1381 2706 1427 2740 ΙΙ.
1451 2708 1534 2740 321.

325 2751 379 2790 14)
406 2750 449 2783 cf.
470 2749 552 2783 Juv.
577 2760 610 2783 v.
627 2751 701 2783 360.
924 2750 978 2789 15)
1003 2750 1047 2783 cf.
1072 2750 1176 2783 Tusc.
1193 2752 1223 2782 4.
1236 2754 1279 2782 ’17.
