1980 3097
204 272 471 324 ὑπογαστρίου
481 272 520 323 1).
537 273 563 323 ἢ
594 272 755 323 ἐλάφου,
784 273 864 324 χρὴ
887 273 933 311 ἐκ
962 275 1106 319 παντὸς
1133 273 1159 323 ἢ
1189 275 1255 311 τὸν
1274 273 1508 325 διανέμοντα
1536 275 1651 314 ἵλεων
1679 276 1783 326 ἔχειν

204 327 231 377 ἢ
261 327 334 378 τὴν
354 325 605 379 Προμηθέως
625 326 765 379 μερίδα
785 326 984 379 φέρεσθαι
1002 327 1102 366 ὀστᾶ
1120 326 1405 379 κεκαλυμμένα
1429 333 1478 379 τῇ
1498 328 1644 381 πιμέλη
1676 360 1684 368 .
1707 359 1716 370 .
1740 359 1748 368 .
1771 360 1780 368 .

205 379 346 420 Καίτοι
374 380 531 420 οὐδέπω
558 382 685 420 ἐκεῖνο
715 382 828 432 ἔφην,
856 383 915 420 ὅτι
941 387 1019 421 τῶν
1049 381 1180 422 ἄλλων
1207 381 1370 433 ἣδιστόν
1397 394 1440 420 τε
1468 383 1538 420 καὶ
1566 383 1780 422 παλαιότα-

204 448 272 474 τον
290 434 433 483 οἶνονῖ)
464 435 652 475 πινόντων
682 435 796 487 μόνος
821 437 871 475 σὺ
899 435 1073 488 πονηρόν
1091 448 1176 474 τινα
1205 436 1273 476 καὶ
1291 434 1466 488 παχὺν3)
1495 435 1629 484 πίνεις,
1658 436 1780 489 θερα·

204 490 338 535 πεύων
354 491 416 529 ἀεὶ
432 490 473 528 ἐν
489 490 649 542 ἀργύρῳ
664 490 691 541 ἢ
707 495 845 542 χρυσῷ
861 490 997 538 πίνειν,
1013 490 1065 537 ὡς
1082 491 1134 542 μὴ
1148 490 1384 543 ἐλεγχθείης
1398 491 1478 529 ἀπὸ
1492 496 1560 529 τοῦ
1574 491 1783 543 χρώματος

204 546 329 591 οὕτως
363 546 498 596 ἄτιμος
531 546 585 584 ὢν
619 543 817 597 ξυμπότης
844 574 880 583 ..
899 575 908 584 .
926 575 935 584 .
961 545 982 584 ό
1011 550 1102 592 παῖς
1135 560 1152 579 »
1163 543 1244 584 οὐδ’
1273 545 1395 585 ἀΐοντι
1420 545 1547 584 ἔοικεν
1557 559 1575 580 <<
1586 544 1615 594 ⁴)
1632 558 1669 584 κ.
1691 558 1723 584 τ.
1744 545 1779 585 λ.

206 599 256 638 cf.
276 599 373 639 Luc.
396 600 477 639 Sat.
503 601 564 648 17,
586 600 651 646 22,
672 599 737 638 32.
769 620 820 626 —
851 599 979 651 (Nigr.
998 599 1122 648 22).⁵)
1761 630 1764 635 .

339 653 485 692 Officia
512 653 733 705 meritaque
762 653 970 693 doctorum
997 655 1048 693 ab
1077 654 1207 693 avaris
1235 653 1462 693 hominibus
1497 653 1673 705 praemio
1702 666 1783 692 non

206 707 315 748 affici
333 707 550 746 identidem
570 711 704 746 noster
732 708 772 746 in
801 712 938 746 satura
965 708 1133 759 septima
1152 706 1376 758 queritur-⁶)
1433 707 1565 758 thue
1587 707 1650 747 hic
1670 707 1783 748 dives

207 774 352 800 avarus
381 761 487 800 dona
515 762 660 813 exigua
688 761 887 801 causidico
907 761 1113 813 imputat7)
1142 767 1181 801 et
1208 761 1280 800 filii
1298 765 1597 813 praeceptorem
1614 761 1783 813 parvula

205 828 364 855 summa
391 816 527 855 oblata
546 816 720 864 dimittit,
749 816 805 855 sic
833 817 874 856 iu
894 815 1061 855 Luciani
1089 816 1245 867 dialogo
1265 815 1511 868 philosopho,
1541 815 1610 867 qui
1636 815 1782 857 liberos

208 870 358 909 domini
387 870 529 919 erudit,
559 871 610 909 ob
639 870 831 910 beneficia
859 871 1051 909 nonnulla
1079 874 1241 925 accepta
1270 883 1421 909 merces
1451 868 1693 918 minuitur.⁸)

207 924 396 968 cf·7-18⁷
680 975 688 983 .
723 975 731 983 .
765 975 773 983 .
807 945 886 985 Res
912 945 1030 985 nulla
1058 946 1229 986 minoris

682 999 872 1039 constabit
894 999 1006 1050 patri
1033 1012 1153 1051 quam
1178 999 1297 1050 filius.

341 1074 496 1127 Operae
524 1075 695 1127 pretium
725 1089 811 1115 esse
841 1076 938 1115 mihi
965 1076 1124 1115 videtur
1151 1089 1393 1128 comparare,
1415 1089 1518 1127 quae
1545 1076 1781 1114 Plutarchus

207 1134 443 1180 personatus
471 1130 522 1167 de
541 1130 743 1181 Aristippo
776 1134 909 1168 narrat
938 1130 999 1168 ed.
1021 1142 1131 1180 puer.
1154 1143 1186 1168 c.
1210 1132 1253 1168 7:
1286 1160 1293 1168 .
1327 1160 1333 1168 .
1367 1160 1374 1167 .
1406 1128 1661 1180 Ἀρίστιππος
1691 1160 1698 1167 .
1730 1159 1737 1166 .
1771 1159 1778 1167 .

207 1183 429 1234 ἀπέσκωψε
459 1214 467 1221 .
501 1214 509 1221 .
543 1214 550 1221 .
580 1183 746 1234 πατέρα.
792 1182 1094 1234 Ἐρωτήσαντος
1121 1184 1199 1234 γάρ
1220 1197 1321 1230 τινος
1341 1183 1470 1229 αὐτόν,
1499 1183 1622 1222 πόσον
1653 1182 1779 1233 αἰτοίη

209 1237 354 1288 μισθὸν
393 1238 491 1288 ὑπὲρ
533 1242 604 1287 τῆς
641 1244 710 1275 τοῦ
749 1237 889 1276 τέκνου
926 1238 1184 1286 παιδεύσεως,
1214 1237 1366 1284 Χιλίας,
1407 1239 1544 1288 ἔφησε,
1585 1237 1778 1288 δραχμάς.

208 1290 289 1329 Τοῦ
310 1291 366 1338 δέ,
389 1289 612 1342 Ἡράκλεις,
643 1291 829 1338 εἰπόντος,
858 1291 910 1338 ὡς
929 1292 1131 1343 ὑπέρπολυ
1153 1292 1319 1343 αἴτημα·
1348 1292 1517 1343 δύναμαι
1535 1293 1612 1342 γὰρ
1634 1291 1778 1342 ἀνδρά-

207 1346 329 1384 ποδον
354 1345 489 1397 χιλίων
510 1345 709 1396 πρίασθαι
737 1359 774 1384 κ.
796 1359 828 1384 τ.
851 1344 922 1392 m)
980 1347 1016 1384 A
1046 1346 1233 1385 divitibus
1259 1359 1378 1385 cenas
1405 1346 1601 1386 amicitiae
1629 1346 1782 1384 fructus

207 1400 345 1438 haberi
375 1400 436 1438 his
465 1400 598 1438 verbis
626 1404 759 1438 noster
788 1401 1035 1452 perstringit:
1067 1403 1171 1442 5-14.

380 1474 555 1514 Fructus
584 1474 787 1515 amicitiae
814 1489 984 1529 maynae
1010 1476 1128 1524 cibus,
1158 1476 1329 1526 imputat
1357 1475 1463 1515 hunc
1489 1488 1557 1514 rac

380 1531 416 1569 et
441 1530 622 1579 quamvis
649 1542 804 1580 raram,
834 1533 964 1570 tamen
993 1531 1172 1581 imputat.

209 1606 258 1644 cf.
282 1606 373 1645 Sen-
396 1610 442 1644 tr.
465 1619 528 1644 an.
552 1608 588 1644 7.
603 1617 641 1648 2:
676 1605 974 1655 „Athenodorus
991 1607 1060 1655 ait,
1082 1619 1132 1646 ne
1149 1607 1202 1646 ad
1220 1618 1376 1646 coenam
1397 1605 1552 1656 quidem
1571 1618 1610 1645 se
1627 1605 1780 1645 ituram

207 1660 276 1698 a&
295 1672 396 1707 eam,
430 1661 502 1708 qui
533 1660 611 1703 sibi
644 1660 705 1698 nil
743 1672 816 1708 pro
850 1660 919 1699 hoc
953 1661 1152 1699 debiturus
1186 1661 1249 1699 sit.
1306 1660 1408 1698 Puto
1446 1659 1633 1710 intellegis
1660 1659 1781 1697 multo

208 1713 345 1754 minas
372 1713 425 1754 ad
452 1727 514 1754 eos
532 1713 697 1762 ituram,
727 1713 797 1765 qui
823 1727 908 1754 cum
930 1714 1145 1755 amicorum
1165 1713 1303 1766 officiis
1316 1713 1439 1765 paria
1460 1726 1594 1754 mensa
1610 1712 1779 1764 faciant,

207 1769 279 1816 qui
318 1768 489 1816 fericula
525 1781 602 1816 pro
649 1769 865 1819 congiariis
905 1770 1145 1808 numeranW
1191 1773 1256 1808 etc.
1328 1769 1456 1807 Etiam
1502 1781 1525 1806 a
1567 1769 1779 1806 Plutarcho

207 1821 456 1860 illiberalitas
476 1821 778 1874 reprehenditur
797 1835 885 1876 cup.
907 1822 985 1861 div.
1004 1824 1040 1862 5.
1098 1822 1150 1861 Σὲ
1172 1821 1283 1862 δὀὐκ
1305 1823 1352 1861 ἄν
1371 1835 1438 1870 τις,
1468 1822 1499 1860 ὦ
1519 1820 1779 1875 κακόδαιμον,

208 1878 470 1928 θαυμάσειεν,
500 1879 533 1916 εἰ
553 1877 767 1927 δυνάμενος
786 1881 886 1916 οὕτω
908 1878 981 1927 ζῆν
1011 1878 1283 1928 ἀνελευθέρως
1311 1879 1380 1915 καὶ
1401 1877 1683 1926 ἀπανθρώπως
1711 1878 1780 1914 καὶ

208 1930 462 1981 ἀμεταδότως
490 1931 559 1966 καὶ
588 1930 685 1979 πρός
714 1930 846 1980 φίλους
876 1932 1037 1980 ἀπηνῶς
1065 1944 1103 1967 κ.
1125 1943 1156 1967 τ.
1180 1930 1213 1967 λ.
1237 1931 1285 1968 cf.
1307 1930 1399 1968 Juv.
1426 1931 1486 1967 14.
1500 1939 1581 1971 235:

433 2019 520 2044 cam
550 2005 646 2044 dicis
674 2006 809 2044 iuveni
836 2005 1010 2055 stultum,
1041 2007 1111 2056 qai
1141 2007 1256 2046 donet
1283 2007 1417 2053 amico,

417 2060 503 2109 qai
524 2062 794 2109 paupertatem
826 2059 917 2098 levet
941 2060 1168 2109 attollatque
1192 2060 1411 2110 propinqui
1430 2057 1560 2108 etc‚¹0)

347 2168 376 2207 1)
404 2169 464 2200 115
482 2176 535 2209 sq.
645 2169 678 2204 2)
704 2168 746 2200 30
770 2167 813 2201 cf.
832 2167 910 2201 Seu.
930 2169 991 2201 vit.
1009 2168 1102 2201 beat.
1121 2169 1170 2200 17.
1184 2178 1207 2203 2.
1322 2169 1355 2208 3)
1381 2169 1433 2200 24.
1523 2168 1558 2205 4)
1583 2169 1718 2208 5.6osq.

341 2212 375 2247 5)
400 2211 444 2244 cf.
469 2210 600 2252 Mayor,
630 2212 667 2243 13
691 2213 756 2244 sat.
781 2211 827 2243 of.
851 2210 930 2244 Juv.
951 2211 986 2244 1³
1010 2221 1041 2253 p.
1060 2213 1134 2244 2²44.

343 2256 376 2293 6)
401 2256 442 2286 *22
460 2262 512 2296 sq.
537 2256 578 2287 86
595 2263 647 2295 sq.
676 2254 736 2287 158
753 2264 804 2296 sq.
830 2263 860 2287 a.
878 2254 924 2296 pl.
1066 2255 1098 2295 7)
1123 2254 1167 2288 cf.
1192 2255 1283 2289 Orat.
1307 2264 1363 2297 ap.
1388 2254 1489 2294 Diog.
1515 2253 1550 2286 L.
1571 2253 1627 2286 Vl.
1644 2254 1696 2285 86.

342 2298 374 2337 8)
401 2297 482 2330 Luc.
507 2307 614 2331 merc.
639 2297 741 2331 cond.
770 2301 818 2330 19.
842 2297 886 2331 cf.
912 2298 985 2331 luv.
1012 2300 1041 2330 7.
1057 2308 1103 2334 115
1118 2308 1169 2339 sq.
1195 2299 1295 2338 (5.14)

341 2343 373 2382 9)
399 2341 548 2382 Respice
573 2349 716 2382 quaeso,
739 2341 774 2373 id
801 2341 896 2383 quod
923 2341 990 2374 viri
1011 2341 1211 2374 doctissimi
1234 2340 1577 2379 animadverterunt,
1601 2339 1779 2381 permulta

209 2382 313 2416 illum
348 2385 528 2417 auctorem
566 2393 585 2417 e
622 2384 730 2417 Bione
766 2384 964 2426 sumpsisse
1000 2384 1115 2418 Hense
1138 2384 1211 2418 Tel.
1234 2385 1297 2418 rel.
1325 2383 1430 2417 LXVI
1461 2382 1520 2424 (cf.
1544 2392 1620 2425 cap.
1648 2384 1711 2422 10).
1736 2400 1776 2405 -

212 2426 328 2459 Etiam
355 2427 463 2461 verba
486 2427 738 2460 antecedentia
761 2429 796 2461 et
820 2428 1006 2469 sequeutia
1032 2428 1247 2470 perlegenda
1272 2430 1366 2461 sunt.

324 2471 376 2509 10)
401 2471 444 2502 cf.
474 2471 547 2503 luv.
569 2472 599 2503 3.
613 2480 670 2507 209,
699 2472 832 2507 5³2.107
853 2481 906 2512 sq.
932 2488 971 2493 -
995 2470 1220 2513 Quantopere
1244 2471 1304 2504 liic
1328 2479 1470 2512 quoque
1494 2469 1673 2503 Iuvenalis
1696 2478 1777 2502 cum

209 2512 436 2555 philosophis
460 2516 642 2554 congruat,
667 2514 756 2547 haec
781 2523 853 2547 una
876 2515 1054 2548 sententia
1078 2515 1166 2548 satis
1188 2514 1410 2547 demonstrat
1426 2522 1518 2556 quae
1541 2512 1638 2554 apud
1654 2521 1777 2546 omnes

209 2557 285 2589 fere
310 2557 471 2598 vulgaris
495 2560 565 2590 est:
588 2559 687 2592 κοινοὶ
710 2559 839 2588 τοὶ-τῶν
863 2559 976 2596 φίλων.
1025 2558 1076 2591 De
1100 2558 1400 2591 beneficentia
1428 2566 1469 2591 ac
1494 2557 1538 2590 de
1561 2555 1778 2589 liberalitate

211 2599 325 2633 multa
356 2602 506 2642 egerunt
535 2599 669 2634 Seneca
698 2603 733 2634 et
765 2600 886 2634 Cicero
910 2601 967 2634 off.
986 2601 1027 2634 11.
1045 2603 1085 2635 52
1103 2610 1155 2643 sq.
1213 2600 1348 2635 Laudat
1376 2601 1415 2635 ΙΙ.
1437 2602 1480 2634 56
1502 2600 1647 2634 liberales
1669 2625 1677 2634 .
1703 2624 1710 2631 .
1735 2626 1742 2632 .
1769 2624 1775 2630 .

210 2644 268 2685 qm·
282 2654 338 2677 aee
358 2645 506 2677 alienum.
528 2645 710 2686 &ascipiunt
731 2646 912 2678 amictu-um
940 2650 1001 2678 aut
1024 2671 1031 2678 .
1050 2672 1056 2678 .
1075 2670 1083 2677 .
1106 2645 1312 2686 opitulantur
1333 2646 1372 2679 in
1395 2656 1432 2678 re
1454 2646 1503 2678 vel
1523 2644 1706 2687 quaerenda
1729 2644 1780 2676 vel

210 2688 372 2727 auqenda.
432 2688 475 2721 cf.
500 2688 558 2720 off.
585 2688 607 2720 Ι.
632 2690 682 2720 68.
713 2688 790 2720 Sen.
817 2688 849 2720 d.
876 2698 961 2721 mor.
987 2688 1047 2721 lib.
1070 2691 1127 2721 50:
1172 2689 1333 2722 succurre
1361 2689 1551 2730 paupertati
1583 2687 1777 2724 amicorum.

208 2730 311 2764 immo
334 2741 475 2765 ocem-re.
522 2731 566 2764 cf.
590 2740 643 2773 ep.
668 2732 764 2771 48.s;
790 2733 840 2764 95.
853 2741 901 2773 51;
926 2731 1004 2766 ben.
1023 2731 1098 2765 Vll.
1120 2731 1203 2767 121,
