1980 3097
876 124 1122 162 ,2-

206 253 305 293 adeo
345 253 505 305 vigebat
545 253 641 292 haec
681 253 942 305 philosophia,
984 257 1027 292 ut
1067 254 1107 292 in
1148 254 1255 293 ceuis
1295 253 1570 294 Romanorum
1610 255 1786 297 Platonis

205 320 408 348 sermones
455 307 613 347 recitari
669 319 749 347 non
806 308 1029 347 inauditum
1076 307 1227 355 esset.¹)
1300 307 1420 347 Nulla
1472 321 1516 347 re
1561 309 1788 363 philosophi

205 359 494 411 abstinebant2)
524 374 596 401 nec
636 362 731 401 satis
769 361 971 401 habebant
1011 362 1060 401 de
1099 363 1233 401 animo
1262 366 1331 401 aut
1369 362 1544 401 moribus
1582 363 1788 404 hominum

206 417 423 468 disputare,
461 416 532 455 sed
559 416 680 455 etiam
722 420 935 468 praecepta
964 416 1123 465 dabant,
1168 416 1364 468 quomodo
1407 416 1532 456 barba
1560 418 1788 458 tonderetur

207 475 248 511 et
276 471 396 511 vestis
424 469 702 519 indueretur.3)

339 524 470 565 Etiam
499 525 540 575 ii,
577 525 645 577 qui
673 524 793 563 alieni
822 527 938 563 erant
968 537 992 563 a
1020 524 1149 563 studio
1188 525 1407 578 sapientiae
1435 528 1479 564 ut
1507 524 1787 575 Quintilianus,

208 580 409 620 neminem
447 580 597 619 bonum
639 592 725 619 esse
766 579 842 618 nisi
883 579 952 631 qui
990 584 1247 631 cognosceret
1285 580 1506 619 doctrinam
1547 581 1708 620 virtutis
1748 585 1790 621 et

208 634 382 675 iustitiae
425 633 745 683 concedebantfi)
802 633 912 673 Idem
953 638 1087 674 autem
1133 634 1319 674 volebant
1361 634 1526 684 Seneca,
1572 634 1789 686 Musonius,

208 690 426 742 Epictetus,
455 689 711 742 Peregrinus,
740 688 820 728 alii.
877 688 933 728 Hi
952 702 1110 741 quoque
1129 689 1420 742 philosophiam
1439 690 1613 729 studium
1632 690 1789 730 virtutis

210 751 249 784 et
278 744 497 796 sapientiae
534 757 621 783 esse
649 747 843 796 perpetuo
879 745 1124 795 repetebant.
1182 743 1363 797 Cumque
1400 745 1555 783 animos
1583 745 1789 784 hominum

211 798 409 850 corrigere
439 798 671 847 niterentur,
711 797 831 836 etiam
874 802 993 850 atque
1032 798 1152 837 etiam
1192 811 1272 838 non
1314 799 1442 838 solum
1476 799 1703 848 monebant,
1746 804 1790 838 ut

208 855 358 894 virtute
368 853 592 906 appetenda
603 852 784 893 homines
793 852 1049 892 beatudinem
1058 857 1374 905 assequerentur,
1385 853 1455 893 sed
1467 853 1587 893 etiam
1602 854 1788 894 continuo

210 908 477 961 postulabant,
506 910 550 946 ut
576 908 676 947 vitia
694 908 948 959 expellerent.
1005 907 1146 959 Itaque
1165 907 1318 947 Seneca
1342 908 1598 947 vehementer
1616 909 1657 947 in
1676 909 1790 948 luxu-

211 964 326 1013 riam,
354 962 575 1011 avaritiam,
596 961 858 1011 adulterium,
886 961 1070 1001 libidines
1098 962 1300 1002 invehitur
1327 975 1401 1002 nec
1438 961 1665 1002 foedissima
1694 963 1792 1002 vitia

212 1018 437 1058 describere
464 1022 636 1066 veretur,
679 1022 724 1057 ut
751 1017 926 1057 taedium
954 1017 1086 1069 capiat
1127 1030 1195 1056 eos
1224 1018 1291 1069 qui
1333 1018 1482 1069 legunt.
1539 1017 1648 1058 Nihil
1683 1018 1790 1058 aliud

210 1072 418 1111 Juvenalis
458 1073 541 1124 agit
579 1072 620 1112 in
663 1072 820 1121 saturis,
858 1071 1090 1122 praesertim
1132 1084 1223 1110 cum
1265 1071 1473 1111 hominum.
1513 1072 1792 1123 perversitates

213 1128 353 1166 crebro
373 1139 453 1165 non
472 1127 603 1165 iocose
623 1126 773 1174 illudat,
804 1126 874 1164 sed
893 1126 1126 1177 plerumque
1145 1126 1398 1164 acerbissime
1418 1125 1632 1178 castiget.⁵)
1689 1126 1791 1165 Nam

213 1182 346 1221 minus
374 1181 499 1221 risum
517 1181 733 1233 legentium
754 1180 926 1220 excitare
946 1193 1066 1232 quam
1086 1193 1153 1220 eos
1173 1180 1385 1233 obiurgare
1404 1181 1523 1234 cupit,
1554 1182 1622 1233 qui
1645 1180 1791 1233 talibus

213 1236 374 1286 flagitiis
393 1236 613 1287 indulgent.
658 1235 874 1286 Propterea
889 1234 1095 1273 Juvenalis
1114 1236 1283 1286 vestigia
1301 1248 1438 1274 eorum
1454 1235 1792 1288 philosophorum,

215 1291 284 1343 qui
311 1289 492 1329 homines
521 1288 855 1342 quemadmodum
884 1302 1036 1328 errores
1056 1293 1214 1338 exuant,
1244 1290 1456 1342 praecipue
1481 1290 1623 1329 docere
1643 1290 1792 1341 volunt,

217 1358 294 1385 non
324 1345 455 1385 minus
485 1358 605 1396 quam
635 1344 826 1383 Horatius
865 1344 928 1383 vel
957 1344 1118 1383 Persius
1153 1345 1342 1395 sequitur.
1396 1344 1481 1383 Nec
1509 1345 1654 1384 mirum
1682 1345 1791 1384 illud.

349 1398 529 1450 Cumque
543 1399 593 1439 ad
604 1398 814 1439 Horatium
824 1411 982 1450 quoque
990 1398 1127 1438 Bionis
1137 1397 1331 1439 diatribae
1342 1399 1556 1451 plurimum
1566 1398 1792 1448 valerent,⁶)

216 1453 385 1505 vestigia
423 1454 507 1492 eius
535 1454 771 1506 philosophi,
812 1453 879 1506 qui
914 1454 1060 1504 optime
1094 1454 1243 1492 sciebat
1274 1454 1440 1493 ridendo
1475 1454 1607 1493 dicere
1640 1466 1793 1503 verum,

216 1509 385 1548 fortasse
415 1509 539 1548 etiam
568 1508 672 1561 apud
706 1508 943 1547 Juvenalem
972 1512 1196 1547 occurrunt.
1251 1508 1304 1547 At
1331 1509 1381 1547 de
1399 1508 1526 1547 Bione
1558 1513 1640 1548 tam
1669 1508 1793 1548 multa

216 1563 364 1615 scripta
383 1563 521 1611 sunt,⁷)
552 1568 596 1602 ut
614 1563 711 1602 haec
741 1563 896 1602 silentio
916 1563 1132 1614 praeterire
1160 1563 1289 1602 liceat.
1347 1563 1452 1603 Satis
1471 1563 1592 1603 fuerit
1610 1563 1690 1603 iam
1719 1563 1793 1602 hoc

217 1619 305 1657 loco
333 1631 605 1671 praemonere,
634 1621 782 1670 quanta
806 1617 1020 1657 similitudo
1049 1618 1153 1656 inter
1181 1621 1335 1658 saturas
1360 1617 1564 1658 Romanas
1583 1621 1623 1657 et
1650 1618 1793 1657 disser-

218 1674 386 1712 tationes
415 1673 572 1713 illorum
602 1673 853 1724 popularium
882 1672 1207 1724 philosophorum
1227 1673 1288 1721 sit,
1319 1672 1387 1724 qui
1412 1685 1521 1712 more
1541 1671 1792 1724 Cynicorum,

221 1740 390 1779 quorum
432 1727 563 1766 studia
602 1733 687 1766 tum
728 1727 1044 1770 reflorescebant,
1089 1727 1240 1765 animos
1283 1727 1333 1766 ad
1375 1728 1561 1767 virtutem
1604 1727 1793 1767 reducere

221 1782 479 1821 conabantur.
537 1781 666 1825 Quam
708 1782 758 1820 ob
801 1793 886 1820 rem
928 1781 1024 1819 mihi
1068 1784 1218 1820 certum
1254 1781 1411 1820 videtur
1438 1781 1674 1820 Juvenalem
1703 1795 1794 1820 cum

222 1836 383 1876 easdem
412 1836 496 1876 fere
535 1850 598 1875 res
628 1840 797 1875 tractare
826 1840 910 1875 tum
945 1835 1062 1874 simili
1093 1849 1249 1887 quoque
1277 1837 1433 1876 ratione
1462 1841 1581 1888 atque
1609 1836 1696 1876 illos
1726 1837 1792 1876 uti.

360 1978 389 2017 l)
412 1977 505 2010 Plut.
529 1976 567 2017 Q.
591 1986 692 2010 conv.
718 1975 790 2009 Vll.
814 1977 905 2016 8‚1.2.

356 2021 390 2056 2)
416 2020 627 2061 Wendland‚
644 2022 780 2061 quaest.
800 2018 1038 2060 Musonianae,
1057 2019 1212 2052 Berolini
1232 2021 1326 2053 1886.
1361 2019 1489 2061 Hirzel,
1502 2019 1536 2052 d.
1550 2019 1677 2062 Dialog
1693 2020 1794 2053 1387.

356 2065 390 2103 3)
416 2063 510 2097 Frdl.
535 2062 568 2097 S.
586 2063 625 2096 G.
650 2062 720 2096 ΙΙΙ6
743 2065 817 2096 709.

354 2107 390 2148 4)
414 2106 451 2147 Q.
474 2107 559 2141 inst.
582 2105 657 2140 XII.
680 2107 710 2139 2.
731 2117 819 2141 1—28.
1770 2140 1773 2143 .

226 2194 252 2227 B
276 2195 282 2201 ι
357 2151 462 2234 53ngss
484 2152 549 2185 sat.
578 2153 604 2185 1.
621 2152 663 2184 45
688 2150 803 2191 (Bolia
826 2149 870 2183 de
888 2150 1034 2183 Horatio
1059 2151 1094 2183 et
1110 2149 1238 2183 Juven.
1263 2149 1362 2183 satir.
1386 2150 1592 2184 auctoribus
1615 2160 1648 2193 p.
1666 2152 1685 2183 9
1703 2149 1795 2185 Frib.

255 2203 338 2236 r1sg.
465 2219 473 2226 .

358 2238 391 2277 6)
418 2237 454 2270 R.
481 2237 626 2277 Heinze,
650 2237 694 2270 de
720 2236 865 2270 Horatio
890 2237 1010 2271 Bionis
1034 2236 1224 2270 imitatore.
1271 2236 1415 2270 Bonnae
1434 2238 1528 2270 1889.

358 2282 392 2321 7)
419 2281 550 2320 Hense,
586 2281 718 2314 Teletis
759 2281 931 2322 reliquiae
966 2279 1071 2313 XLVI
1106 2289 1157 2322 sq.
1214 2280 1460 2321 Wachsmuth,
1498 2280 1631 2322 sillogr.
1672 2275 1797 2314 Graeci

228 2335 260 2366 p.
286 2326 326 2358 73
349 2335 401 2367 sq.
450 2335 481 2358 V.
506 2325 641 2363 Arnim,
666 2324 898 2366 Pauly-wiss.
925 2324 973 2357 111
999 2325 1073 2365 483,
1100 2324 1229 2365 Hirzel,
1252 2324 1284 2357 d.
1310 2324 1400 2357 Dial.
1427 2325 1437 2357 l
1463 2326 1536 2357 374.
