1980 3097
871 152 1114 191 ..88-

201 285 334 321 tamen
378 281 484 320 aliud
529 282 586 320 illi
628 282 872 333 spectabant.
937 281 1039 320 Nam
1081 282 1258 320 rhetores
1303 281 1516 321 censebant
1558 283 1779 322 orationem

200 336 421 376 ornandam
451 349 537 375 esse
565 336 661 375 locis
691 337 978 386 communibus,
1004 348 1172 386 quoram
1196 336 1347 386 partim
1375 336 1517 376 habent
1540 338 1725 376 vitiorum
1745 339 1780 376 et

197 393 441 441 peccatorum
461 402 585 431 acrem
606 391 811 440 quandam
830 404 917 431 cum
937 389 1236 441 amplificatione
1255 390 1537 431 incusationem
1557 393 1629 431 aut
1646 404 1779 441 quere-

202 445 295 494 lam,
324 448 460 485 contra
489 456 609 495 qaam
638 445 716 484 dici
735 445 844 485 nihil
862 445 965 490 solet,
994 445 1102 484 utin
1123 445 1434 495 depeculatorem,
1465 446 1510 485 in
1527 446 1777 495 proditorem,

201 500 247 540 in
270 500 521 550 parricidam
551 529 559 537 .
593 528 601 537 .
634 530 642 538 .
675 530 682 537 .
721 499 766 539 de
794 500 937 540 virtute
963 499 1081 550 enim,
1116 499 1255 551 inquit,
1285 500 1331 539 de
1358 498 1494 550 officio,
1524 500 1570 540 de
1597 512 1718 551 aequo
1744 503 1780 540 et

201 554 312 604 bono,
343 554 388 594 de
417 554 618 605 diqnitate,
648 554 830 603 utilitate,
861 554 1018 602 honore,
1047 554 1282 605 iynominia,
1306 552 1495 603 praemio,
1516 566 1646 604 poena
1669 555 1778 594 simi-

200 608 376 658 libusque
416 608 462 647 de
503 607 616 647 rebus
658 608 705 648 in
747 611 954 659 utramque
991 610 1141 659 partem
1184 608 1339 647 dicendi
1380 607 1535 648 animos
1567 611 1602 647 et
1638 608 1717 648 vim
1745 611 1780 648 et

200 665 323 703 artem
353 662 491 703 habere
519 662 753 711 debemus.¹)
803 663 872 711 (cf.
903 664 1035 708 Quint.
1063 662 1156 702 XII.
1188 664 1322 711 1—2.)
1380 662 1508 707 Quam
1538 663 1588 702 ob
1618 676 1778 703 eausam

201 718 320 757 etiam
356 718 534 756 rhetores
568 718 664 756 talia
699 718 897 757 interdum
934 719 1179 766 exercebant,
1217 722 1260 756 ut
1293 718 1456 756 iuvenes
1493 718 1702 767 discerent,
1746 718 1779 757 si

200 786 300 824 opus
330 776 445 822 esset,
476 773 596 812 etiam
626 772 675 812 de
705 773 766 812 his
795 773 915 812 rebus
943 773 1043 812 bene
1073 772 1216 811 dicere.
1268 772 1400 824 Atque
1430 772 1555 812 etiam.
1579 773 1777 825 perfectus

200 828 267 866 ille
307 832 452 877 orator,
495 840 614 878 quem
655 826 925 876 Quintilianus
966 832 1005 866 et
1043 827 1181 866 Cicero
1221 827 1460 876 describunt,
1504 827 1778 879 philosophiae

201 882 333 920 studet
360 895 440 920 non
468 882 743 932 philosophiae
772 883 895 933 ipsius
925 895 1057 930 causa,
1093 882 1160 920 sed
1194 880 1296 929 ideo,
1332 882 1437 932 quod
1468 894 1583 921 nemo
1613 883 1688 921 nisi
1718 883 1779 920 vir

200 936 329 975 bonus
363 936 519 975 dicendi
554 936 704 987 peritus
739 936 799 974 sit.
811 935 840 984 ²)
899 935 1115 987 Propterea
1144 936 1394 986 quaestiones
1423 936 1592 974 morales
1622 949 1778 987 semper

200 990 241 1029 in
276 990 633 1042 progymnasmatis
668 1003 770 1040 quae
805 990 990 1028 dicuntur
1024 1003 1048 1028 a
1082 990 1303 1028 rhetoribus
1343 987 1657 1040 numerantur.³)
1713 990 1777 1029 Ab

201 1044 506 1083 adulescentulis
548 1048 586 1081 et
626 1043 963 1094 praeceptoribus,
1007 1044 1073 1095 qui
1115 1043 1363 1094 eloquentiae
1403 1056 1523 1083 causa
1563 1044 1624 1083 his
1665 1057 1776 1083 exer-

200 1098 452 1137 citationibus
482 1110 644 1148 operam
674 1098 886 1144 navabant,
917 1098 1033 1136 valde
1054 1099 1080 1136 ii
1100 1098 1297 1146 differunt,
1328 1098 1395 1149 qui
1415 1099 1465 1137 ob
1487 1098 1637 1137 nullam
1658 1099 1776 1137 aliam

199 1166 358 1191 causam
390 1153 439 1190 de
468 1153 644 1190 moribus
673 1152 879 1202 disputant
909 1152 984 1190 nisi
1013 1152 1063 1190 ad
1092 1152 1296 1192 hominum
1324 1152 1420 1191 vitia
1449 1153 1680 1204 castiganda
1709 1157 1777 1192 aut

199 1209 352 1246 animos
373 1207 639 1258 corrigendos.
649 1205 684 1256 4)
720 1206 898 1250 Quorum
919 1207 1213 1246 dissertationes
1234 1207 1353 1246 etiam
1373 1208 1499 1259 magis
1519 1208 1568 1246 ab
1590 1208 1775 1246 orationi-

198 1262 273 1301 bus
321 1262 634 1313 distinguuntur,
695 1274 794 1312 quas
845 1261 1024 1300 rhetores
1077 1261 1301 1301 ostentandi
1353 1274 1471 1301 causa
1526 1263 1566 1300 in
1619 1263 1775 1314 publico

199 1317 486 1355 declamabant.
529 1315 696 1366 Semper
722 1329 793 1354 eae
813 1316 1121 1354 declamationes
1141 1321 1210 1354 aut
1229 1317 1278 1354 ad
1299 1329 1437 1354 causas
1458 1320 1497 1354 et
1516 1329 1578 1354 res
1598 1317 1776 1367 publicas

197 1371 450 1422 pertinebant
470 1374 538 1408 aut
557 1369 605 1408 ad
626 1369 832 1408 hominum
851 1369 1095 1421 deorumque
1114 1370 1263 1410 laudes.
1275 1368 1306 1419 ⁵)
1335 1369 1501 1410 Moralia
1517 1383 1539 1409 a
1554 1370 1775 1410 rhetoribus

198 1439 271 1477 per
299 1439 341 1463 se
370 1438 448 1463 non
480 1424 743 1476 disputantur,
773 1438 1015 1475 quamquam
1044 1425 1251 1463 occasione
1281 1425 1412 1463 oblata
1441 1426 1481 1463 in
1511 1425 1706 1463 luxuriam
1738 1429 1777 1463 et

198 1480 436 1531 pravitatem
465 1479 671 1517 hominum
700 1477 995 1522 invehuntur.⁶)
1052 1478 1220 1517 Fabiani
1248 1479 1383 1527 verba,
1421 1492 1523 1531 quae
1553 1483 1706 1518 exstant
1728 1479 1775 1520 ⁴in

199 1537 375 1574 controv.
435 1533 526 1572 Sen.
549 1529 601 1572 II.
629 1535 663 1571 1.
685 1542 823 1581 10—13,
855 1534 973 1572 etiam
995 1533 1194 1573 simillima
1221 1538 1312 1573 sunt
1333 1534 1579 1573 sermonibus
1601 1534 1776 1573 Senecae
1824 1565 1830 1572 .

198 1590 270 1627 filii
290 1593 328 1626 et
349 1588 567 1626 Juvenalis.
614 1587 692 1626 Sed
713 1588 779 1625 ille
799 1587 1000 1626 Fabianus
1026 1588 1280 1639 philosophus
1306 1593 1401 1635 erat,
1431 1588 1498 1639 qui
1528 1586 1775 1637 eloquentiae

199 1640 387 1680 studebat
416 1653 497 1680 non
527 1638 777 1689 eloquentiae
807 1640 986 1691 Causast)

330 1697 510 1747 Apparet
538 1696 659 1746 igitur
687 1700 820 1734 tamen
849 1709 1042 1735 conexum
1068 1697 1266 1746 quendam
1287 1697 1510 1735 rhetoribus
1531 1697 1774 1734 intercedere

199 1764 290 1789 cum
318 1750 577 1801 philosophis.
634 1749 738 1788 Nam
767 1762 858 1788 cum
885 1750 953 1788 illa
981 1754 1109 1788 aetate
1133 1750 1256 1789 multa
1282 1750 1501 1789 eruditione
1531 1754 1570 1789 et
1598 1750 1776 1790 doctrina

198 1805 249 1845 ad
278 1804 639 1857 philosophandum
669 1817 748 1843 non
779 1817 877 1856 opus
907 1809 1010 1843 esset
1039 1808 1077 1843 et
1106 1818 1201 1844 sana
1221 1817 1333 1844 mens
1353 1805 1565 1854 sufficeret,
1595 1805 1774 1844 accidere

197 1864 365 1911 poterat,
408 1865 451 1898 ut
488 1860 602 1897 multi
640 1859 844 1896 scientiam
883 1859 1156 1909 philosophiae
1192 1859 1431 1897 mediocrem
1466 1859 1538 1897 soli
1572 1859 1773 1898 rhetorum

197 1914 356 1954 scholae
377 1913 580 1953 deberent.
625 1911 819 1964 Cumque,
845 1912 1023 1965 quisquis
1050 1913 1187 1952 litteris
1208 1926 1249 1952 se
1271 1913 1453 1961 dedebat,
1479 1914 1554 1953 arti
1579 1914 1774 1954 oratoriae

197 1969 424 2020 studuisset,
460 1969 548 2007 fieri
584 1980 663 2006 non
698 1969 835 2018 potuit,
873 1969 967 2018 quin
1004 1969 1123 2006 etiam
1153 1968 1191 2015 ii,
1228 1969 1294 2018 qui
1330 1969 1380 2006 ad
1413 1968 1702 2019 philosophiam
1732 1982 1774 2007 se

197 2023 468 2072 conferebant,
498 2022 640 2061 iisdem
670 2021 818 2066 formis,
850 2034 948 2074 quas
975 2021 1039 2061 hie
1060 2022 1290 2071 didicerant,
1321 2035 1439 2074 saepe
1460 2026 1674 2063 uterentur.
1723 2022 1775 2062 Et

198 2084 323 2127 erant,
353 2078 420 2128 qui
449 2078 569 2128 pallio
597 2077 921 2127 philosophorum
952 2077 1080 2115 vestiti
1109 2077 1311 2115 rhetorum
1341 2078 1645 2116 consuetudines
1674 2078 1773 2116 adeo

333 2218 363 2256 1)
387 2217 458 2250 Cic.
482 2217 526 2250 de
551 2226 600 2250 or.
618 2216 676 2249 111.
699 2218 757 2249 106
775 2225 826 2258 sq.
851 2216 894 2250 cf.
921 2227 952 2248 v.
978 2217 1114 2257 Arnim,
1138 2216 1215 2249 Dio.
1240 2227 1273 2249 v,
1298 2216 1352 2249 Pr.
1381 2218 1440 2249 107
1457 2226 1531 2258 sqq.

331 2260 366 2300 2)
391 2259 672 2293 Deliberandum
698 2261 752 2293 est
776 2268 855 2294 cum
873 2259 1135 2301 Quintilianum
1158 2261 1234 2293 tum
1253 2259 1459 2294 Ciceronem
1483 2269 1526 2294 ex
1545 2259 1773 2303 philosophis

196 2303 358 2338 fontibus
381 2303 548 2338 hausisse
572 2304 609 2338 et
631 2303 739 2341 θέσεις
761 2303 843 2338 illas
867 2313 941 2338 sem
970 2313 1009 2338 er
1031 2313 1053 2337 a
1076 2303 1280 2338 rhetoribus
1304 2304 1420 2346 magis
1441 2304 1641 2346 postulatas
1665 2313 1772 2346 quam

197 2348 413 2381 exercitatas
437 2357 525 2381 esse.
557 2346 685 2386 (Kroll,
710 2347 810 2380 Stud.
833 2346 923 2381 iiber
966 2348 1009 2380 ic.
1026 2347 1160 2381 Schrift
1183 2347 1229 2380 de
1252 2353 1402 2381 oratore.
1432 2347 1499 2380 Rh.
1524 2346 1566 2380 M.
1584 2349 1636 2384 58.
1650 2352 1698 2376 552
1716 2347 1772 2391 sq.)

197 2392 244 2425 At
267 2390 475 2433 philosophi
499 2392 540 2424 ut
563 2390 699 2424 Seneca
722 2392 757 2423 et
782 2390 847 2425 Dio
871 2391 1022 2425 moralia
1046 2390 1150 2433 quasi
1172 2391 1311 2429 θετικῶς
1333 2390 1548 2425 tractabant.

332 2436 366 2473 3)
392 2434 434 2468 cf.
460 2434 597 2475 Rohde,
621 2443 673 2476 gr.
698 2433 796 2471 Rom,
814 2433 917 2468 2951&

328 2479 363 2517 4)
387 2478 431 2511 cf.
457 2478 494 2511 E.
519 2478 656 2517 Weber,
686 2477 780 2511 stud.
806 2478 898 2520 Lips.
915 2478 945 2511 X
966 2479 1037 2517 168,
1062 2479 1133 2511 169.
1165 2495 1203 2500 —
1234 2477 1346 2518 Quam
1370 2478 1499 2511 leviter
1523 2477 1683 2511 rhetores
1706 2478 1771 2511 has

196 2530 254 2555 res
277 2521 441 2598 aggii-essi
457 2521 540 2598 sinti
556 2521 663 2598 &ec-
681 2521 790 2597 {orba
813 2521 1026 2598 Quintitliani
1042 2521 1184 2606 (13019ῃὲ
1191 2521 1235 2597 ItL
1251 2523 1342 2555 4.23:
1366 2524 1398 2554 et
1416 2532 1479 2563 pro
1501 2521 1638 2555 luxuria
1659 2523 1694 2555 et
1708 2532 1772 2563 pro

195 2575 308 2598 amore
352 2575 481 2606 mmm,
503 2576 520 2598 e
610 2575 629 2597 0
650 2575 689 2597 ‘ln
704 2575 789 2598 emm
855 2575 925 2598 '¹082
940 2575 982 2598 αδ
1002 2576 1042 2597 ue
1086 2576 1103 2598 e
1119 2576 1159 2598 en
1183 2577 1196 2598 ‘t
1235 2577 1264 2597 r.

326 2609 361 2648 5)
385 2608 521 2649 Rohde,
545 2607 578 2641 d.
604 2607 739 2649 griech.
764 2576 861 2641 Roprg.
886 2609 950 2642 305
967 2576 1019 2651 sil.
1052 2625 1091 2630 —
1123 2607 1239 2642 Etiam
1269 2607 1413 2641 fabulae
1441 2608 1628 2650 poetarum
1653 2607 1770 2642 decla-

196 2651 347 2686 matorio
372 2652 496 2694 generi
519 2650 667 2686 dicendi
692 2651 876 2686 materiam
902 2651 1136 2695 suppeditant
1159 2651 1255 2692 (Sen.
1279 2661 1373 2685 suas,
1391 2652 1438 2692 3.)

327 2696 361 2732 6)
388 2695 542 2736 Norden,
566 2697 639 2728 ant.
665 2695 1012 2737 Kunstprosa127ss.

329 2739 362 2778 7)
389 2738 467 2772 Sen.
493 2741 604 2772 contr.
624 2738 654 2771 ll
680 2747 732 2780 pr.
750 2740 779 2771 5.
