1980 3097
883 175 1125 213 -6-2—

977 338 1036 376 x.-

784 423 862 472 De
897 423 1227 486 spectaculis.

351 522 496 561 Paucis
521 522 653 562 verbis
678 523 719 562 in
747 528 882 563 satura
906 523 1061 563 decima
1090 527 1433 574 commemoratur,
1466 529 1613 575 quanto
1644 524 1789 577 gaudio

219 577 392 629 populus
421 578 656 629 spectaculis
685 579 897 630 impleatur
924 592 960 617 v.
993 578 1045 618 80

565 694 573 702 .
648 694 656 702 .
689 694 697 702 .
729 664 833 703 duas
863 666 1024 703 tantum
1052 676 1116 702 res
1147 663 1299 703 anxius
1330 666 1441 714 optat

558 730 712 767 panem
741 720 779 756 et
807 717 1016 758 circenses.

218 804 335 848 Quod
355 807 579 845 accuratius
605 807 799 847 disserere
819 820 898 847 non
923 808 1062 847 inutile
1081 807 1179 847 mihi
1197 807 1354 847 videtur
1372 820 1462 846 cum
1482 811 1616 846 noster
1635 806 1792 857 saepius

217 872 308 898 eam
337 873 422 899 rem
464 861 690 912 attingat.¹)
760 862 872 901 Idem
906 863 1010 914 quod
1040 862 1231 901 Romanis
1259 862 1478 910 Juvennlis,
1514 861 1792 900 Alexandrinis

219 914 315 953 vitio
345 914 414 953 dat
442 915 520 955 Dio
551 915 643 956 Chr.
674 916 849 956 XXXII.
881 918 932 956 29
945 931 1002 969 sq.
1032 931 1069 968 p.
1091 917 1171 957 409
1201 917 1251 955 cf.
1274 917 1318 956 31
1354 919 1398 955 τὸ
1427 917 1471 955 δὲ
1499 914 1791 967 Ἀλεξανδρέων

218 969 377 1019 πλῆθος
410 970 446 1008 τί
483 972 529 1009 ἂν
566 972 665 1009 εἴποι
689 984 755 1017 τις,
791 972 846 1017 οἶς
882 971 996 1022 μόνον
1027 972 1085 1010 δεῖ
1108 971 1379 1023 παραβάλλειν
1407 973 1473 1009 τὸν
1503 970 1625 1008 πολὺν
1656 971 1790 1021 ἄρτον·

220 1025 320 1061 οὕτω
355 1025 433 1075 γὰρ
470 1025 659 1075 εἰρῆσθαι
691 1025 791 1063 πολὺ
826 1025 991 1077 βέλτιον·
1034 1027 1103 1064 καὶ
1138 1025 1238 1064 θέαν
1272 1026 1413 1064 ἵππων.
1423 1024 1454 1073 2)
1518 1024 1626 1068 Quas
1658 1024 1792 1075 populi

219 1077 443 1128 voluptates
459 1078 611 1117 Seneca
626 1079 842 1117 coutemnit
861 1079 956 1128 (de
945 1092 1006 1118 ira
1025 1079 1076 1117 II.
1099 1080 1213 1126 8.1):
1236 1077 1347 1125 Quid
1364 1076 1530 1127 sinqula
1544 1075 1793 1127 persequor?

221 1141 313 1168 eam
341 1129 492 1169 videris
524 1130 662 1180 forum
694 1130 959 1171 multitudine
988 1131 1185 1182 refertam
1220 1134 1258 1170 et
1290 1134 1405 1182 septa
1434 1143 1633 1170 concursu
1663 1143 1792 1170 omnis

217 1183 472 1233 frequentiae
502 1186 630 1234 plena
664 1188 702 1224 et
735 1185 854 1224 illum
888 1186 1053 1235 circum
1089 1186 1133 1224 in
1163 1199 1239 1235 quo
1273 1185 1500 1224 maximam
1533 1185 1601 1223 sui
1630 1187 1793 1234 partem

220 1237 399 1287 populus
444 1239 627 1280 ostendit.
686 1241 735 1279 cf.
770 1254 830 1292 ep.
855 1243 891 1280 7
906 1252 925 1284 2
968 1218 1087 1279 Niliil
1127 1252 1218 1279 vero
1269 1242 1353 1278 tam
1396 1239 1637 1278 damnosum
1680 1237 1793 1278 bonis

220 1291 415 1331 moribus
409 1293 440 1339 ἦ)
467 1306 589 1343 quam
614 1293 660 1333 in
686 1293 821 1344 aliquo
846 1294 1074 1345 spectaculo
1100 1293 1280 1333 desidere
1308 1309 1390 1347 eqs.
1412 1295 1462 1334 cf.
1485 1295 1534 1334 ad
1552 1295 1638 1334 Pol.
1660 1293 1696 1332 6.
1716 1293 1793 1343 4·⁴)

220 1347 346 1386 Porro
375 1350 668 1400 comparandae
697 1354 788 1389 sunt
813 1349 1016 1389 Plutarchi
1044 1354 1194 1402 quaest.
1222 1363 1335 1389 conV.
1362 1348 1453 1388 VII.
1482 1351 1517 1388 5.
1532 1359 1663 1401 3,8sq.
1696 1347 1794 1401 μήτε

222 1402 361 1442 ἑαυτὸν
400 1402 594 1455 ἀήττητον
629 1404 692 1456 ὑφ’
723 1405 871 1456 ἡδονῆς
905 1406 938 1444 εἰ
974 1406 1027 1457 μὴ
1057 1407 1162 1444 κατὰ
1199 1407 1242 1443 τὸ
1279 1404 1517 1456 ἀφροδίσιον,
1555 1404 1659 1442 ἀλλὰ
1689 1406 1793 1442 κατὰ

221 1459 265 1494 τὸ
295 1465 474 1508 μουσεῖον
501 1459 679 1496 ἑάλωκεν
709 1460 734 1509 ἢ
765 1462 808 1496 τὸ
835 1459 1022 1510 θέατρον·
1069 1459 1208 1510 ὁμοίως
1238 1461 1315 1509 γὰρ
1338 1458 1547 1507 ἐγκέκλικε
1575 1459 1645 1495 καὶ
1673 1458 1793 1508 παρέ-

224 1511 331 1549 δωκε
351 1518 434 1559 ταῖς
453 1511 615 1563 ἡδοναῖς
636 1514 744 1564 ἄγειν
765 1514 834 1551 καὶ
859 1513 990 1564 φέρειν
1015 1513 1086 1564 τὴν
1107 1512 1251 1564 ψυχήν.
1283 1535 1332 1540 -
1364 1512 1576 1563 Nigrinum
1596 1512 1795 1551 Lucianus
1840 1521 1843 1522 ’

222 1566 321 1604 haec
351 1566 548 1605 dicentem
591 1567 686 1606 facit
723 1580 807 1618 cap.
830 1568 881 1606 29
913 1598 921 1606 .
954 1596 964 1606 .
996 1598 1004 1605 .
1036 1566 1180 1618 διεξῄει
1210 1597 1218 1605 .
1252 1596 1259 1604 .
1293 1597 1301 1605 .
1332 1567 1401 1605 καὶ
1443 1568 1492 1605 τὰ
1529 1566 1682 1617 θέατρα
1725 1567 1795 1604 καὶ

223 1622 288 1658 τὸν
326 1620 567 1672 ἱππόδρομον
611 1622 679 1659 καὶ
721 1623 791 1667 τὰς
829 1627 906 1659 τῶν
949 1621 1118 1673 ἡνιόχων
1163 1621 1318 1667 εἰκόνας
1357 1622 1426 1659 καὶ
1467 1623 1516 1658 τὰ
1555 1626 1632 1659 τῶν
1666 1622 1794 1659 ἵππων

223 1674 398 1726 ὀνόματα
433 1676 502 1713 καὶ
536 1677 625 1722 τοὺς
654 1677 694 1714 ἐν
725 1681 801 1722 τοῖς
836 1681 1047 1722 στενωποῖς
1081 1676 1170 1727 περὶ
1204 1674 1600 1726 τούτων-διαλόγους.
1659 1674 1794 1725 Πολλὴ

222 1730 300 1779 γὰρ
342 1729 394 1775 ὡς
437 1730 604 1780 ἀληθῶς
645 1731 670 1781 ἡ
723 1730 938 1782 ἱππομανία
987 1731 1056 1768 καὶ
1103 1729 1259 1768 πολλῶν
1303 1730 1382 1780 ἤδη
1429 1729 1650 1768 σπουδαίων
1699 1731 1796 1768 εἶναι

224 1783 444 1822 δοκούντων
475 1784 719 1835 ἐπείληπται.
779 1784 827 1823 cf.
856 1784 948 1823 Juv.
983 1785 1125 1827 11.193

442 1869 610 1909 Interea
638 1870 931 1922 Meyalesiacae
961 1870 1192 1921 spectacula
1219 1883 1393 1920 mappae

442 1922 619 1963 Idaeum
647 1925 837 1966 sollemne
867 1926 1015 1974 colunt,
1045 1924 1270 1973 similisque
1300 1924 1505 1974 triumpho

438 1979 600 2029 praeda
629 1979 878 2019 caballorum
901 1982 1068 2030 praetor
1097 1979 1218 2029 sedet,
1250 1991 1296 2018 ac
1323 1978 1425 2017 mihi
1448 1991 1550 2029 pace

443 2033 665 2072 ivmnensae
695 2033 923 2083 nimiaeque
954 2033 1045 2072 licet
1071 2033 1108 2072 si
1137 2033 1267 2072 dicere
1293 2032 1437 2083 plebis,

445 2090 569 2126 totam
599 2087 714 2127 hodie
744 2087 919 2127 Romam
947 2087 1080 2127 circus
1109 2087 1218 2137 capit
1245 2090 1283 2126 et
1310 2086 1451 2138 fraqor
1481 2099 1622 2125 aurem

439 2142 633 2192 percutit,
665 2145 850 2181 eventum
878 2142 1023 2182 viridis
1052 2155 1128 2192 quo
1159 2141 1297 2193 colliqo
1322 2141 1469 2192 panni.

443 2196 554 2236 Nam
582 2197 619 2237 si
649 2196 846 2247 deficeret,
876 2201 1072 2236 maestam
1102 2196 1391 2245 attonitamque
1424 2195 1580 2235 videres

444 2251 549 2290 hanc
577 2251 720 2290 urbem
722 2282 935 2300 ......

529 2337 537 2345 .
569 2337 578 2345 .
610 2305 799 2355 Spectent
827 2305 1001 2355 iuvenes,
1033 2318 1131 2355 quos
1160 2305 1346 2355 clamat-⁵)
1377 2307 1415 2343 et
1445 2304 1585 2343 audax

443 2360 618 2410 sponsio,
649 2373 747 2410 quos
777 2360 907 2399 cultae
937 2360 1045 2399 decet
1074 2359 1269 2399 assedisse
1294 2359 1513 2410 puellae.⁶)

362 2504 393 2539 1)
421 2506 582 2544 ll.53109;
601 2504 651 2537 14.
660 2508 725 2545 2623
742 2506 839 2537 9.144.
930 2503 963 2542 2)
987 2503 1084 2536 idem
1107 2503 1151 2536 de
1167 2502 1384 2545 spectaculis
1400 2501 1625 2544 gladiatoriis
1641 2500 1801 2543 loquitur

226 2549 318 2580 3l.12
336 2557 369 2589 p.
387 2548 461 2580 385.
594 2547 629 2586 3)
654 2546 713 2588 [cf
742 2545 924 2588 11201sq]

358 2589 393 2629 4)
419 2590 463 2624 cf.
485 2590 532 2623 ad
557 2590 656 2624 Helv.
685 2592 780 2631 17.1;
805 2589 908 2623 clem.
931 2589 954 2622 1
979 2591 1031 2622 ⁶26.
1043 2594 1119 2632 2sq.
1144 2599 1178 2622 u.
1202 2600 1236 2632 q
1260 2589 1519 2630 VII-32.³(e1)
1544 2589 1657 2627 80.1).

358 2634 393 2672 5)
419 2633 463 2667 cf.
488 2636 517 2666 9.
526 2639 576 2665 1⁴4
598 2633 693 2675 (Seu.
719 2644 772 2676 ep.
796 2636 849 2668 80.
862 2638 896 2675 23
921 2634 973 2666 83.
987 2633 1034 2673 7).

360 2678 394 2713 6)
420 2677 586 2712 Mulieres
610 2687 654 2711 ne
678 2679 714 2711 in
732 2677 951 2720 spectaculis
975 2676 1105 2716 adsint,
1130 2676 1292 2710 Clemens
1312 2675 1525 2728 praescribit
1548 2675 1650 2727 paed.
1669 2674 1730 2707 ΙΙΙ
1751 2674 1800 2707 10.

227 2722 305 2759 ὅρον
330 2724 409 2760 γοῦν
435 2722 609 2761 ἐπιθυμίας
638 2722 698 2752 οὐκ
728 2722 864 2761 ἔχουσαι
893 2723 940 2757 εἰς
970 2721 1126 2759 ἀναισχ)ν
1130 2722 1199 2751 τίαν
1231 2721 1332 2750 ἑποκε
1318 2720 1482 2750 ’λλουσιψ
1514 2721 1564 2749 δεῖ
1591 2719 1656 2758 γὰρ
1685 2719 1800 2754 αὑταῖς

225 2765 285 2795 καὶ
307 2765 451 2804 θεάτρου
474 2767 546 2796 κτλ.
595 2764 637 2797 cf.
663 2764 744 2797 Juv.
769 2766 799 2797 6.
807 2769 838 2793 61
852 2774 903 2806 sq
927 2765 994 2804 (11.
1001 2764 1073 2802 202).
