1980 3097
885 131 1128 170 „82-

216 263 263 300 ἐκ
282 267 353 312 τῆς
381 261 549 313 καμίνου
575 262 738 312 ἥκοντα,
761 263 816 300 ἔτι
844 267 920 301 τῶν
951 260 1179 313 σπινθήρων
1206 261 1428 308 ἀνάπλεων,
1451 263 1539 313 ἄρτι
1563 261 1634 312 τὴν
1664 261 1790 312 πυρά-

212 330 314 367 γραν
345 315 706 366 ἀποτεθειμένον.1)
737 315 787 354 cf.
817 315 910 354 Juv.
941 316 994 354 44
1014 328 1070 366 sq.

359 369 495 408 Turba
534 370 698 409 deorum
742 370 1041 410 innumerabilis
1076 373 1115 408 et
1152 369 1319 408 satiricis
1354 373 1393 408 et
1428 370 1672 422 philosophis
1711 382 1790 409 non

214 437 305 464 raro
335 425 468 463 irrisui
497 429 556 463 est
586 429 628 463 ut
658 425 834 464 Senecae
864 426 904 464 in
934 425 1045 472 libro,
1081 437 1198 475 quem
1235 423 1391 475 scripsit
1420 425 1469 462 de
1500 425 1789 476 superstitione.

215 479 263 517 fr.
288 480 359 518 39:
396 476 561 517 Omnem
592 477 711 517 istam
749 477 962 528 iynobilem
997 477 1160 516 deorum
1197 476 1356 516 turbam
1393 489 1515 525 quam
1551 478 1665 529 lonyo
1696 489 1788 516 aevo

218 531 338 583 lonya
367 531 603 582 superstitio
636 531 843 583 conyessit,
872 532 930 572 sic
951 531 1219 581 adorabimus,
1240 534 1287 570 ut
1311 529 1612 572 meminerimus
1637 532 1790 571 cultum

219 586 308 624 eius
338 586 466 636 maqis
496 587 549 624 ad
578 599 725 626 morem
755 599 876 635 quam
908 587 961 625 ad
991 599 1070 625 rem
1096 584 1355 634 pertinere&

349 641 550 680 Atlantem
572 641 725 681 caelum
746 642 895 681 vertice
916 642 1143 682 fulcientem
1165 641 1247 689 (13.
1264 640 1326 691 48)
1347 641 1548 681 Lucianus
1567 641 1792 681 ludificatur

216 694 334 735 Char.
367 698 392 735 4
424 695 504 734 Καὶ
534 697 745 748 θαυμάζω,
777 698 813 736 εἴ
832 711 893 735 σοι
912 703 1036 736 ταῦτα
1055 697 1242 747 τεράστια
1263 697 1361 734 εἶναι
1381 697 1493 735 δοκεῖ
1508 699 1573 735 τὸν
1589 695 1790 735 Ἀτλαντα

218 750 379 801 δηλαδὴ
411 750 542 798 εἰδότι,
573 751 614 797 ὃς
642 753 707 789 τὸν
737 751 858 790 πόλον
887 753 1004 790 αὐτὸν
1035 752 1087 798 εἷς
1107 752 1159 789 ὢν
1179 750 1289 802 φέρει
1309 750 1461 804 ἀνέχων
1487 751 1593 803 ἡμᾶς
1615 752 1791 797 ἅπαντας

213 804 281 854 (cf.
315 804 406 844 Sen.
438 805 488 844 ad
518 805 602 845 Pol.
644 806 744 854 7.1‚)
801 805 976 858 Neptuni
1010 819 1176 857 regnum
1211 805 1453 844 maritimum
1488 805 1543 855 (v.
1580 806 1649 854 49)
1685 805 1790 844 idem

216 860 386 898 iocosius
421 860 612 898 describit
639 861 732 911 Jup.
764 865 862 911 trag.
894 862 957 898 24.
1017 859 1122 911 Ἐγὼ
1152 860 1195 898 δὲ
1229 861 1278 897 τὰ
1315 860 1383 911 μὲν
1422 859 1524 898 ἀλλα
1559 859 1791 911 ὑποβρύχιός

219 914 306 966 εἰμι,
354 913 405 960 ὡς
433 914 529 961 ἴστε,
566 915 635 953 καὶ
672 915 711 953 ἐν
748 914 859 966 βύθῳ
896 914 1147 965 πολιτεύομαι
1181 912 1268 952 κατ’
1301 914 1479 965 ἐμαυτόν,
1517 915 1556 960 ἐς
1584 915 1676 952 ὅσον
1708 915 1791 965 ἐμοὶ

217 969 386 1006 δυνατὸν
441 968 580 1019 σῴζων
635 970 724 1013 τοὺς
770 968 961 1013 πλέοντας
1009 969 1077 1006 καὶ
1124 967 1400 1019 παραπέμπων
1448 969 1497 1006 τὰ
1545 968 1663 1005 πλοῖα
1721 969 1790 1005 καὶ

213 1023 304 1068 τοὺς
353 1021 522 1074 ἀνέμους
575 1021 902 1074 καταμαλάττων.
978 1021 1025 1060 cf.
1069 1019 1182 1059 triste
1228 1019 1426 1071 profundi
1471 1019 1697 1072 imperium.
1738 1043 1788 1048 -—

215 1076 405 1115 Terrores
453 1076 557 1115 Ditis
594 1076 749 1127 imperii
791 1077 844 1124 (v.
894 1075 965 1124 50)
1010 1075 1227 1127 aequaliter
1273 1076 1472 1115 Lucianus
1516 1077 1648 1115 irritos
1695 1076 1791 1115 facit

216 1131 265 1168 de
293 1129 386 1168 luet.
411 1131 454 1168 6:
491 1130 511 1169 ό
543 1131 611 1182 μὲν
641 1133 707 1169 οὖν
738 1130 935 1176 Πλούτων,
967 1130 1019 1176 ὡς
1048 1131 1188 1169 ἐκεῖνοι
1217 1131 1383 1180 ἔφασαν,
1414 1132 1483 1169 καὶ
1509 1131 1534 1182 ἡ
1555 1130 1788 1181 Φερσεφόνη

214 1184 497 1223 δυναστεύουσι
512 1186 581 1223 καὶ
602 1185 673 1236 τὴν
694 1190 770 1223 τῶν
792 1184 893 1223 ὅλων
915 1184 1147 1223 δεσποτείαν
1170 1185 1338 1236 ἔχουσιν,
1356 1186 1595 1237 ὑπηρετοῦσι
1615 1183 1648 1223 δ’
1662 1187 1790 1231 αὐτοῖς

212 1240 284 1278 καὶ
313 1239 384 1290 τὴν
422 1239 552 1292 ἀρχὴν
592 1240 896 1291 διαπράττουσιν
932 1239 1048 1292 ὄχλος
1090 1239 1210 1285 πολὺς
1248 1237 1423 1291 Ἐρινύες
1465 1254 1506 1279 τε
1550 1241 1619 1278 καὶ
1653 1239 1790 1279 Ποιναὶ

212 1295 285 1332 καὶ
304 1293 427 1346 Φόβοι
455 1295 524 1332 καὶ
554 1295 574 1333 ό
596 1292 756 1346 Ἑρμῆς,
787 1296 898 1341 οὗτος
925 1295 993 1346 μέν
1012 1307 1058 1345 γε
1087 1295 1160 1332 οὐκ
1190 1295 1252 1332 ἀεὶ
1282 1295 1499 1346 συμπαρών
1529 1308 1566 1333 κ.
1598 1308 1630 1332 τ.
1657 1294 1692 1332 λ.
1716 1326 1723 1332 .
1748 1325 1755 1332 .
1780 1325 1787 1332 .

215 1350 252 1387 8.
283 1344 416 1387 Ἔνθα
452 1349 502 1399 δὴ
532 1349 568 1387 τί
602 1354 740 1387 κακῶν
776 1350 820 1387 οὐ
853 1349 1054 1401 πάσχουσι
1088 1348 1387 1400 στρεβλούμενοί
1422 1362 1463 1388 τε
1498 1350 1567 1388 καὶ
1603 1348 1790 1401 καόμενοι

215 1404 284 1442 καὶ
314 1404 389 1442 ὑπὸ
418 1409 553 1454 γυπῶν
581 1403 805 1455 ἐσθιόμενοι
839 1405 908 1442 καὶ
937 1404 1073 1450 λίθους
1103 1403 1378 1450 ἀνακυλίοντες
1407 1418 1444 1442 κ.
1475 1417 1507 1442 τ.
1536 1404 1570 1442 λ.
1615 1403 1665 1442 cf.
1697 1403 1788 1442 Seu.

216 1471 277 1508 ep.
308 1459 443 1499 2418.
474 1456 568 1495 Non
604 1469 694 1496 sum
730 1459 810 1495 tam
854 1456 1028 1507 ineptus,
1074 1459 1120 1494 ut
1148 1455 1393 1506 Epicuream
1438 1455 1679 1495 cantilenam
1720 1455 1789 1495 hoc

215 1510 300 1550 loco
329 1522 550 1562 persequar
580 1513 617 1549 et
646 1509 777 1550 dicam
805 1523 929 1550 vanos
959 1522 1041 1549 esse
1073 1509 1295 1560 inferorum
1326 1513 1466 1560 metus,
1503 1523 1574 1550 nec
1603 1510 1788 1550 Ixionem

216 1568 306 1604 rota
347 1564 451 1603 volvi
494 1578 566 1603 nec
608 1578 756 1604 saxum
800 1565 977 1603 humeris
1012 1564 1178 1616 Sisyphi
1221 1565 1334 1602 trudi
1377 1565 1420 1603 in
1465 1565 1676 1604 adversum
1718 1577 1790 1604 nec

216 1618 346 1658 ullius
375 1618 530 1658 viscera
560 1621 598 1657 et
626 1618 786 1658 renasci
814 1632 927 1671 posse
963 1618 1105 1658 cotidie
1140 1621 1178 1658 et
1213 1618 1338 1670 carpi.
1397 1619 1522 1659 Nemo
1564 1623 1643 1659 tam
1687 1633 1789 1671 puer

214 1677 287 1722 est,
318 1676 366 1711 ut
395 1673 611 1713 Cerberum
648 1673 786 1713 timeat
828 1677 866 1711 et
904 1674 1087 1712 tenebras
1127 1676 1165 1711 et
1207 1673 1398 1713 larvalem
1443 1673 1622 1713 habitum
1665 1673 1789 1712 nudis

215 1727 372 1767 ossibus
402 1727 711 1768 cohaerentium.
772 1729 820 1768 cf.
852 1742 912 1781 ep.
944 1730 1007 1768 82.
1044 1741 1093 1772 16-
1152 1728 1281 1768 Etiam
1326 1733 1460 1768 noster
1502 1729 1657 1768 fabulas
1701 1730 1789 1769 illas

217 1785 372 1835 ineptas
402 1785 510 1822 ducit
540 1786 665 1825 2149.

402 1847 504 1886 Esse
536 1847 692 1899 aliquos
721 1859 859 1887 manes
889 1850 926 1886 et
955 1846 1221 1886 subterranea
1250 1859 1375 1897 reyna

403 1901 592 1953 Cocytum
624 1905 662 1941 et
690 1901 827 1953 Styyio
858 1915 984 1941 ranas
1015 1902 1058 1940 in
1086 1901 1244 1952 yuryite
1274 1901 1414 1951 niyras

406 1960 523 2007 atque
554 1969 639 1994 icna
670 1955 847 1995 transire
876 1956 1025 1995 vadum
1055 1959 1112 1995 tot
1139 1955 1252 1995 milia
1284 1955 1425 1995 cumba

404 2023 476 2051 nec
505 2010 626 2063 pueri
655 2011 836 2061 credunt,
869 2010 950 2050 nisi
979 2010 1049 2062 qui
1078 2010 1257 2050 nondum
1287 2023 1377 2049 aere
1408 2011 1610 2050 lavantur.

212 2078 264 2116 cf.
313 2078 409 2116 Luc.
445 2079 482 2117 d.
520 2079 611 2117 luct.
650 2080 673 2117 3
724 2078 1009 2129 Περιρρεῖσθαι
1048 2078 1091 2116 δὲ
1139 2078 1208 2128 τὴν
1251 2077 1386 2129 χώραν
1437 2079 1555 2117 αὐτοῦ
1603 2083 1789 2130 ποταμοῖς

217 2133 400 2184 μεγάλοις
433 2145 475 2171 τε
509 2134 578 2170 καὶ
617 2132 796 2184 φοβεροῖς
831 2133 914 2170 κάκ
952 2132 1078 2183 μόνων
1113 2137 1188 2171 τῶν
1223 2132 1435 2183 ὀνομάτων.
1494 2132 1676 2171 Κωκυτοὶ
1711 2134 1786 2183 γὰρ

213 2188 285 2224 καὶ
314 2187 676 2237 Πυριφλεγέθοντες
710 2188 779 2224 καὶ
812 2189 860 2224 τὰ
895 2192 1055 2223 τοιαῦτα
1084 2185 1310 2235 κέκληνται.
1370 2185 1425 2223 Τὸ
1460 2186 1503 2224 δὲ
1542 2186 1720 2237 μέγιστον
1760 2187 1785 2237 ἡ

216 2239 457 2292 Ἀχερουσία
515 2240 631 2292 λίμνη
686 2240 890 2291 πρόκειται
944 2239 1080 2291 πρώτη
1130 2240 1322 2291 δεχομένη
1378 2242 1466 2287 τοὺς
1520 2241 1785 2287 ἀπαντῶντας,

216 2294 267 2344 ἣν
303 2297 375 2333 οὐκ
406 2296 461 2333 ἔνι
491 2295 727 2333 διαπλεῦσαι
755 2295 780 2345 ἢ
812 2294 1030 2345 παρελθεῖν
1062 2295 1154 2331 ἄνευ
1183 2300 1249 2332 τοῦ
1284 2294 1496 2346 πορθμέως
1536 2308 1573 2333 κ.
1604 2308 1636 2333 τ.
1668 2294 1702 2333 λ.
1736 2295 1785 2333 cf.

218 2362 302 2401 cap.
336 2347 410 2399 9.3)
442 2372 492 2377 —
524 2348 736 2389 Chai-ontis
764 2355 1010 2388 mortuorum
1039 2348 1238 2400 portitoris
1267 2348 1392 2388 facete
1422 2350 1662 2389 mentionem
1693 2350 1788 2389 facit

214 2405 254 2443 3.
269 2414 343 2447 265.
374 2418 391 2443 S
422 2435 429 2442 .

394 2418 418 2455 q
468 2456 563 2497 Jam
592 2457 702 2496 sedet
731 2456 774 2495 in
804 2456 898 2508 ripa
927 2458 1175 2507 taetrumque
1205 2456 1387 2496 novicius
1417 2456 1551 2496 horret

467 2511 675 2561 porthmea
704 2524 775 2550 nec
804 2514 943 2561 sperat
971 2510 1103 2550 cenosi
1130 2511 1305 2561 yuryitis
1335 2511 1470 2551 alvum

469 2565 630 2615 infelix,
662 2578 733 2604 nec
763 2566 879 2603 habet
907 2577 1021 2615 quem
1049 2565 1232 2615 porriyat
1263 2577 1327 2604 ore
1358 2564 1555 2605 trientem.

351 2652 382 2692 1)
407 2627 478 2685 οἶ
475 2651 570 2686 deor.
594 2651 678 2686 dial.
705 2653 755 2685 15.
1013 2651 1047 2691 2)
1072 2651 1115 2685 cf.
1139 2652 1218 2686 sen.
1236 2651 1278 2685 fr.
1302 2653 1345 2684 33
1354 2664 1363 2692 ;
1388 2652 1457 2685 Cic.
1484 2654 1554 2685 nat.
1574 2652 1669 2685 deor.
1687 2652 1711 2685 1.
1729 2655 1786 2693 845

218 2696 301 2729 Luc.
320 2696 402 2737 Jup.
420 2697 461 2728 tr.
479 2698 497 2727 7
516 2705 567 2737 sq.
584 2705 673 2728 sacr.
687 2698 706 2728 5
723 2706 751 2728 c.
766 2704 797 2728 a.
810 2695 857 2737 pl.
882 2695 986 2734 (Plin.
1013 2695 1054 2728 II.
1083 2696 1233 2734 14—18).

347 2740 382 2778 3)
407 2738 450 2772 ef.
479 2738 512 2772 L.
537 2739 640 2773 Char.
665 2741 694 2772 2.
720 2738 789 2773 Cic.
815 2738 917 2772 Tusc.
944 2739 967 2772 1.
996 2740 1049 2775 10:
1074 2738 1165 2772 Plut.
1182 2738 1226 2773 de
1243 2740 1393 2780 superst.
1408 2742 1437 2772 4.
1474 2739 1728 2781 Epict.111.13.
1749 2745 1788 2770 15.
