1980 3097
848 123 1121 164 .-—79—

213 256 255 294 in
298 253 483 302 Judaeos,
535 266 701 301 quorum
749 267 937 293 numerus
977 254 1033 292 ibi
1075 265 1314 304 permagnus
1356 258 1451 302 erat,
1463 254 1495 303 ¹)
1543 255 1648 294 dicta
1690 268 1777 295 esse

210 309 468 362 conspicuum
492 312 560 348 est.
617 307 755 362 Neque
780 309 944 349 dubium
963 312 1034 359 est,
1061 307 1155 361 quin
1175 306 1376 360 Diogenes
1395 312 1433 347 et
1453 307 1580 350 Heras
1600 309 1776 364 cynici2)

211 366 252 403 in
272 364 527 412 orationibus,
548 364 689 415 quibus
710 364 802 403 Tito
822 365 976 403 crimini
993 364 1213 409 vertebant,
1230 363 1335 413 quod
1349 363 1605 412 Berenica03)
1620 367 1777 417 nuptias

211 418 407 471 pollicitus
435 421 550 467 esset,
579 419 698 457 etiam
726 419 1044 470 superstitionem
1072 417 1317 457 Judaeorum
1345 417 1549 456 illuserint.
1606 418 1777 458 Gravius

211 477 284 522 est,
299 472 402 525 quod
415 472 517 525 Apio
531 473 812 523 grammaticus
825 473 1024 524 legatione
1039 472 1090 512 ad
1102 471 1326 523 Caligulam
1341 476 1523 522 suscepta
1535 472 1560 512 J
1563 473 1777 513 udaeorum

212 528 443 580 religionem
490 526 697 576 incusavit,
740 540 860 578 quam
901 527 1119 566 orationem
1159 525 1361 578 Josephus
1403 525 1575 566 refutare
1617 526 1796 567 studuit(

212 582 364 622 Rerum
379 582 599 633 scriptores,
621 594 710 620 cum
723 580 750 620 J
752 581 900 621 udaeos
914 582 1287 630 commemorabant,
1308 581 1626 633 superstitionem
1642 596 1777 622 eorum

213 638 368 676 silentio
383 636 599 688 praeterire
613 648 693 674 uon
707 634 940 687 poterantst)
971 635 1100 679 Quam
1119 636 1373 687 philosophos
1393 648 1550 687 quoque
1569 636 1778 676 insectatus

215 705 300 732 esse
327 690 533 731 Juvenalis
570 691 702 730 aetate
745 693 784 730 et
812 693 929 730 antea
957 691 1052 730 satis
1095 690 1392 742 comprobatum
1421 694 1491 730 est.
1550 689 1660 735 Quae
1690 705 1778 732 cum

213 748 269 786 ita
297 749 438 794 essent,
468 749 602 784 noster
628 746 728 783 ritus
756 758 894 784 eorum
922 745 1038 784 facile
1068 757 1304 795 cognoscere
1332 746 1470 796 potuit.
1500 767 1551 772 —

345 800 505 852 Aegyp
515 799 686 839 tiorum
705 799 802 839 ritus
821 800 1013 839 immanes
1031 799 1286 839 vehementer
1305 800 1559 852 increpantur
1577 800 1618 840 in
1647 804 1781 840 satura

213 856 352 907 quinta
371 856 535 894 decima.
566 876 620 881 ——
648 854 755 893 Fieri
773 868 851 894 non
871 855 1009 906 potuit,
1041 856 1135 905 quin
1160 855 1395 906 philosophi,
1425 855 1494 906 qui
1512 855 1607 894 deos
1627 869 1780 894 summa

213 910 366 949 ratione
396 908 595 961 praeditos
628 921 714 948 esse
745 922 901 961 semper
926 908 1227 957 contendebant,
1261 909 1432 948 maxime
1460 909 1501 948 in
1531 921 1578 948 eo
1607 909 1780 949 offende-

214 968 314 1013 rent,
349 964 453 1015 quod
487 963 546 1002 illi
573 963 709 1002 beluas
738 977 910 1016 avesque
939 964 1168 1003 adorabant.
1226 963 1345 1002 Velut
1374 962 1573 1012 Ciceroz5)
1630 963 1781 1016 Aeqyp-

212 1019 359 1058 tiorum
392 1030 547 1068 morsm,
581 1018 720 1069 inquit,
755 1019 843 1068 quis
880 1017 1064 1070 iqnorat?
1107 1030 1274 1068 quorum
1308 1017 1478 1058 imbutae
1510 1020 1651 1058 mentes
1679 1031 1779 1069 pra-

214 1073 345 1113 vitatis
385 1072 601 1121 erroribus,
649 1073 827 1122 quamvis
867 1071 1141 1122 carnificinam
1182 1072 1376 1112 subierint
1414 1085 1533 1122 qua-m
1573 1073 1668 1112 ibim
1710 1076 1782 1112 aut

215 1127 386 1177 aspidem
431 1129 502 1165 aut
545 1126 659 1175 felem
711 1129 783 1166 aut
826 1139 959 1167 canem
1006 1129 1078 1166 aut
1121 1126 1338 1166 crocodilon
1394 1127 1554 1175 violent,
1610 1140 1779 1177 quorum

210 1180 364 1220 etiamsi
410 1181 672 1231 imprudentes
713 1181 914 1232 quippiam
959 1180 1131 1230 fecerint,
1177 1193 1343 1231 poenam
1389 1180 1545 1220 nullam
1593 1184 1776 1221 recusent.

215 1236 262 1275 cf.
293 1235 319 1274 J
326 1247 457 1273 uven.
491 1235 509 1271 1
528 1248 584 1286 sq.
617 1235 717 1274 Phil.
749 1236 798 1274 de
822 1236 911 1275 virt.
941 1239 980 1274 et
1008 1236 1083 1286 leg.
1108 1235 1158 1274 ad
1184 1235 1271 1274 Gai.
1300 1236 1350 1273 20
1379 1235 1420 1274 II
1440 1236 1518 1274 566
1548 1235 1682 1283 Κύνας
1710 1237 1778 1275 καί

215 1290 358 1336 λύκους
397 1290 466 1328 καὶ
504 1289 663 1336 λέοντας
697 1291 765 1328 καὶ
800 1290 1075 1341 κροκοδείλους
1109 1289 1313 1328 καὶήᾶλλα
1348 1290 1508 1329 πλείονα
1545 1291 1670 1341 θηρία
1709 1292 1778 1329 καὶ

216 1343 402 1395 ἔνυδραθ)
439 1345 508 1381 καὶ
544 1349 715 1395 χερσαῖα
751 1345 821 1382 καὶ
862 1345 992 1394 πτηνὰ
1032 1344 1379 1390 θεοπλαστοῠντες,
1424 1345 1521 1395 ὑπὲρ
1561 1346 1613 1383 ὧν
1657 1344 1778 1396 βωμοὶ

214 1399 284 1436 καὶ
311 1398 396 1448 ἱερὰ
428 1398 497 1435 καὶ
531 1399 615 1435 ναοὶ
641 1398 709 1435 καὶ
736 1397 878 1449 τεμένη
914 1399 1019 1435 κατὰ
1052 1404 1186 1436 πᾶσαν
1216 1396 1410 1448 Αἴγυπτον
1443 1398 1629 1449 ἵδρυνται.
1641 1398 1668 1447 7)
1727 1398 1776 1437 cf.

216 1453 306 1491 Sen.
338 1452 387 1489 de
415 1456 580 1503 superet.
611 1451 658 1489 fr.
680 1452 728 1490 31
762 1481 770 1489 .
802 1481 810 1489 .
843 1481 850 1489 .
882 1449 1056 1488 numina
1074 1452 1226 1499 vocant,
1258 1462 1357 1500 quae
1382 1449 1418 1488 si
1442 1450 1593 1501 spiritu
1623 1454 1778 1502 accepto

214 1504 344 1544 subito
385 1507 649 1550 occurrerent,
688 1507 870 1543 monstra
898 1503 1151 1543 haberentur.
1163 1504 1197 1554 8)
1237 1526 1289 1531 —
1329 1505 1496 1556 Propter
1535 1507 1779 1546 diversorum

213 1560 442 1598 animalium
484 1560 778 1597 venerationem
824 1560 922 1598 duos
960 1559 1111 1598 vicinos
1153 1560 1353 1609 litigantes
1391 1560 1432 1597 in
1473 1560 1653 1612 Aegypto
1694 1574 1779 1599 sese

214 1615 360 1653 vidisse
407 1613 641 1652 Plutarchus
685 1614 820 1652 scribit
861 1626 936 1652 am.
985 1615 1092 1655 122.
1162 1613 1224 1652 Ob
1267 1613 1434 1652 eandem
1477 1627 1636 1653 causam
1679 1615 1781 1654 inter

216 1668 468 1720 Cynopolitas
509 1672 547 1706 et
585 1668 732 1706 incolas
773 1667 998 1720 Oxyrynchi
1037 1671 1218 1706 cruentas
1259 1668 1363 1706 rixas
1404 1671 1508 1707 ortas
1552 1682 1637 1708 esse
1676 1670 1780 1708 idem

215 1723 338 1762 refert
356 1723 392 1761 d.
414 1722 464 1761 Is.
487 1735 520 1761 e.
543 1722 609 1761 Os.
633 1724 696 1761 72.
745 1723 876 1774 Atque
896 1721 1117 1762 Guilelmus
1138 1723 1186 1761 de
1207 1721 1339 1761 Christ
1364 1724 1584 1775 suspicatur
1603 1728 1780 1763 nostrum

216 1778 264 1816 de
294 1778 432 1816 eadem
461 1790 504 1815 re
533 1776 822 1828 cogitavisse.⁹)
845 1799 894 1804 —
915 1778 1026 1816 Alios
1053 1777 1306 1828 philosophos
1332 1778 1430 1816 alias
1459 1791 1615 1829 quoque
1643 1792 1779 1830 super-

215 1832 392 1871 stitiones
427 1831 710 1883 Aegyptiorum
750 1831 995 1883 improbasse
1034 1831 1138 1870 inter
1177 1845 1312 1870 omnes
1354 1836 1518 1881 constat,
1559 1836 1602 1871 ut
1641 1832 1778 1873 Cicero

214 1886 453 1938 Cynicorum
496 1890 535 1924 et
577 1886 799 1925 Stoicorum
841 1887 1008 1937 vestigia
1049 1899 1217 1937 sequens
1259 1887 1528 1925 humationem
1571 1900 1706 1926 eorum
1741 1893 1780 1926 et

216 1954 351 1979 curam
381 1953 589 1991 corporum
616 1944 705 1992 post
738 1943 904 1979 mortem
940 1941 1222 1979 servandorum
1258 1954 1336 1980 non
1371 1942 1454 1980 sine
1492 1942 1778 1992 vituperatione

215 1999 499 2033 commemorat
527 1994 642 2034 Tusc.
679 1997 712 2032 1.
730 1994 856 2043 108.10)

345 2049 550 2087 Fabulae
590 2049 894 2097 Graecorum,
937 2062 1050 2099 quas
1093 2049 1146 2086 de
1187 2049 1286 2087 deis
1328 2050 1494 2100 vulgus
1537 2050 1778 2098 narrabat,

215 2102 412 2142 interdum
454 2115 562 2141 more
606 2102 841 2154 Cynicorum
884 2102 1090 2141 Juvenalis
1133 2103 1338 2142 cavillatur
1380 2108 1418 2142 et
1462 2103 1659 2142 neminem
1704 2104 1779 2142 nisi

215 2171 357 2209 pueros
391 2171 457 2196 eas
487 2158 647 2196 credere
676 2158 780 2196 dicit.
839 2157 948 2195 Sicut
975 2158 1154 2196 homines
1183 2159 1338 2196 turbam
1372 2159 1534 2196 deorum
1567 2162 1779 2197 cenantem

214 2212 329 2263 fingit
360 2212 475 2254 13.42
493 2225 548 2262 sq.
606 2212 657 2250 At
685 2216 809 2250 totum
837 2211 967 2249 locum
996 2224 1232 2263 proponam:

318 2277 380 2316 38.
439 2276 644 2325 Quondam
675 2276 742 2316 hoc
768 2277 976 2327 iudiyenae
1003 2277 1185 2316 vivebant
1210 2290 1325 2325 more,
1341 2277 1577 2327 priusquam

436 2333 602 2370 sumeret
629 2333 812 2381 aqrestem
838 2332 966 2381 posito
994 2331 1208 2370 diademate
1234 2331 1370 2381 falcem

437 2385 638 2425 Saturnus
662 2384 829 2436 fuyiens,
860 2387 963 2434 tunc,
993 2399 1079 2425 cum
1110 2385 1344 2437 virquncula
1372 2383 1483 2424 ‹Juno

437 2442 472 2478 et
493 2440 675 2488 privatus
702 2440 830 2479 adhuc
857 2439 989 2479 Idaeis
1016 2440 1200 2489 Juppiter
1228 2440 1368 2490 antris,

349 2537 381 2574 1)
407 2535 450 2569 cf.
476 2535 603 2569 Friedl.
628 2535 864 2578 Sittengesch.
891 2536 941 2570 ΙΙΙ
965 2538 1038 2570 618.
1172 2536 1205 2574 2)
1230 2536 1274 2569 cf.
1300 2536 1341 2569 D.
1367 2535 1461 2569 Cass.
1486 2537 1589 2570 66.15.

347 2580 381 2618 3)
407 2579 465 2620 [cf.
489 2579 569 2612 JuV.
595 2578 706 2620 G.156].
837 2580 873 2620 4)
897 2580 941 2614 cf.
966 2580 1046 2614 Tac.
1071 2580 1154 2613 hist.
1179 2582 1297 2621 5.2sq.
1431 2580 1465 2619 5)
1491 2580 1592 2614 Tusc.
1620 2580 1647 2613 V
1674 2583 1713 2613 78

347 2623 380 2661 6)
405 2623 449 2656 cf.
474 2633 506 2656 v.
530 2625 560 2656 7.
693 2622 725 2661 7)
751 2623 794 2656 cf.
819 2634 852 2655 v.
876 2626 907 2657 4.
1040 2625 1074 2662 8)
1099 2623 1142 2656 cf.
1168 2622 1290 2664 Mayor
1314 2621 1370 2656 1Ιῖ
1391 2633 1424 2665 p.
1439 2625 1503 2657 356
1517 2633 1568 2665 sq.

347 2666 381 2706 9)
405 2665 734 2707 Sitzungsberichte
757 2666 822 2699 der
843 2667 944 2709 bayr.
968 2667 1083 2700 Akad.
1123 2667 1216 2700 1897.

328 2710 382 2750 10)
407 2709 449 2743 cf.
476 2710 548 2743 Tel.
573 2710 634 2743 rel.
659 2709 711 2743 ed.
737 2710 854 2744 Hense
878 2710 1063 2744 LXXXVII
1087 2719 1137 2752 sq.
