1980 3097
867 150 1109 189 -30-

200 279 342 318 Adicio
363 279 462 317 loeis
483 292 603 331 supra
630 279 758 318 allatis
780 280 871 318 Seu.
894 293 953 331 ep.
988 281 1046 318 16.
1062 291 1091 328 8,
1122 280 1239 329 9041,
1271 282 1405 331 94.70;
1435 282 1484 320 de
1513 286 1634 320 const.
1661 281 1772 331 13.2;

199 334 250 372 de
279 334 339 372 ira
369 334 398 372 Ι.
423 335 532 383 21.1;
572 334 621 372 de
659 335 715 373 vit
745 335 846 373 beat.
878 336 989 382 25.·2;
1028 335 1089 373 ad.
1122 334 1236 373 Helv.
1271 337 1379 386 11.23
1419 335 1545 387 Epict.
1573 336 1644 374 ΙΙΙ.
1670 338 1772 378 1.23.

199 388 296 426 Luc.
318 389 428 439 Nigr.
452 390 514 426 21.
547 388 661 427 Dem.
683 391 731 428 41
766 388 824 427 Ol.
855 389 919 427 Al.
949 389 1001 427 II.
1022 391 1110 427 115.

331 453 580 492 Effeminatis
600 454 837 501 hominibus,
869 454 935 505 qui
955 454 1328 505 pretiosissimas
1357 454 1615 495 munditias
1641 459 1771 495 osten-

200 513 330 547 tantes
360 522 438 547 non
468 509 614 547 cedunt
643 510 886 557 mulieribus,
916 509 1033 547 valde
1062 509 1244 548 irascitur
1274 510 1364 551 1.‘,›6
1385 522 1441 560 sq.

441 613 612 622 .....
642 597 728 623 ωιτη
758 597 880 624 verna
910 583 1064 634 Canopi

438 637 648 688 Crispinus
678 667 850 677 .....

435 693 592 732 ventilet
617 695 804 732 aestivum
834 695 966 744 diyitis
994 695 1229 734 sudantibus
1255 707 1402 734 aurum

436 759 504 786 nec
530 745 698 796 sufferre
725 751 842 796 queat
869 749 1033 787 maioris
1057 749 1234 798 pondera
1260 761 1429 800 yemmae
1458 761 1537 799 eqs.

199 823 249 863 cf.
269 825 304 862 7.
323 833 393 865 144.
453 823 497 862 In
523 824 661 863 eadem
683 838 725 863 re
745 824 935 876 Nigrinus
956 825 1120 864 offendit
1149 838 1232 876 cap.
1256 827 1323 863 21:
1355 831 1437 871 πῶς
1464 827 1538 875 γὰρ
1565 826 1610 862 οὐ
1629 824 1772 874 γελοῖοι

200 878 235 915 οἱ
251 878 507 923 πλουτοῦντες,
523 880 632 916 αὐτοὶ
652 880 805 924 καὶτὰς
823 880 1062 929 πορφυρίδας
1075 879 1351 929 προφαίνοντες
1363 880 1432 917 καὶ
1451 881 1538 924 τοὺς
1557 878 1772 923 δακτύλους

200 931 467 983 προτείνοντες
508 946 546 970 κ.
582 946 614 971 τ.
645 932 680 971 λ.
713 932 760 971 cf.
807 933 897 972 Seu.
937 947 972 984 q.
1010 947 1046 971 n.
1080 932 1169 972 VII.
1201 933 1312 976 3l.2:
1347 933 1603 974 Exornamus
1636 931 1772 973 anulis

201 987 354 1037 diqitos,
397 988 442 1025 in
486 989 596 1026 omni
634 988 801 1027 articulo
835 1000 1030 1037 qemmam
1067 989 1324 1036 disponimus.
1339 989 1370 1036 ¹)
1438 990 1592 1026 Acerbe
1621 989 1772 1038 respuit

199 1045 335 1079 noster
362 1041 523 1078 monilia
552 1045 750 1092 gestantes
781 1042 816 1079 3.
832 1052 888 1083 67:

575 1117 764 1155 Rusticus
792 1117 856 1154 ille
884 1120 975 1155 tuus
1005 1147 1012 1153 .
1045 1147 1052 1153 .
1086 1146 1093 1154 .
1127 1146 1135 1154 .
1166 1117 1347 1164 Quirine,

699 1201 706 1208 .
737 1172 960 1210 ceromatico
986 1170 1063 1220 fert
1091 1170 1272 1210 niceteria
1300 1170 1405 1209 collo.

199 1247 249 1283 cf.
281 1248 384 1288 285.
423 1246 559 1285 Molles
594 1247 639 1284 in
674 1259 771 1284 aure
803 1247 994 1294 fenestras
1033 1247 1205 1285 libertini
1242 1246 1455 1297 petulantis
1493 1250 1626 1284 noster
1662 1250 1772 1284 notat

203 1302 325 1337 ].104.
367 1300 416 1338 cf.
455 1301 544 1338 Seu.
582 1301 670 1338 ben.
703 1300 790 1338 VII.
815 1301 898 1343 9·4:
940 1300 1058 1339 Video
1086 1302 1255 1339 uniones
1288 1312 1372 1339 non
1397 1299 1572 1350 sinyulos
1603 1299 1772 1351 sinqulis

198 1353 365 1392 auribus
383 1357 634 1404 comparatos.
664 1354 758 1393 Jam
778 1355 882 1394 enim
902 1356 1129 1394 exercitatae
1148 1367 1263 1394 aures
1283 1355 1394 1394 oneri
1410 1354 1571 1404 ferendo
1589 1356 1684 1393 sunt
1697 1359 1770 1393 etc.

198 1408 302 1446 Max.
329 1408 420 1460 Tyr.
431 1408 460 1457 2)
487 1409 551 1447 36.
580 1408 658 1457 (20)
686 1423 770 1460 cap.
799 1413 834 1447 2.
884 1412 1030 1461 χρυσον
1064 1409 1098 1447 οἱ
1134 1410 1203 1460 μὲν
1236 1416 1312 1455 τοῖς
1346 1409 1518 1460 αὐχέσιν,
1545 1408 1579 1447 οἱ
1613 1409 1656 1447 δὲ
1688 1415 1772 1455 ταῖς

198 1463 400 1513 κεφαλαῖς,
424 1464 458 1502 οἱ
479 1464 522 1502 δὲ
542 1471 619 1510 τοῖς
640 1464 846 1511 δακτύλοις
866 1464 1194 1515 περιαρτὴσαντες
1215 1464 1280 1512 (cf.
1299 1463 1400 1502 Plut.
1418 1464 1467 1502 de
1483 1477 1569 1514 cup.
1591 1464 1667 1502 div.
1690 1463 1770 1513 10).

331 1528 393 1566 De
428 1530 640 1567 mulierum
669 1530 818 1579 ingenti
852 1530 1019 1576 luxuria,
1056 1541 1157 1578 quae
1192 1529 1362 1566 maxime
1392 1533 1526 1566 satura
1559 1532 1669 1566 sexta
1698 1529 1772 1566 im-

198 1587 412 1633 pugnatur,
449 1583 552 1622 infra
588 1583 791 1622 disseram.
851 1583 964 1622 Nune
994 1584 1110 1621 venio
1141 1583 1189 1621 ad
1226 1583 1558 1621 aedificiorum
1593 1583 1772 1634 magni-

198 1637 461 1686 fentian1‚3)
507 1651 625 1688 quam
662 1644 794 1676 noster
828 1638 869 1675 in
907 1651 953 1675 ea
993 1642 1126 1675 satura
1161 1638 1352 1687 imprimis
1385 1638 1594 1687 improbat,
1624 1638 1665 1674 in
1694 1650 1772 1687 qua

200 1691 335 1742 agitur
363 1692 412 1729 de
442 1692 668 1730 divitiarum
700 1696 937 1743 contemptu.
998 1690 1135 1730 Cicero
1172 1704 1329 1742 quoque
1357 1691 1397 1730 in
1434 1696 1542 1730 sexto
1571 1691 1770 1742 paradoxo

199 1745 352 1784 homini
381 1746 444 1785 illi
472 1749 617 1785 aurata
654 1749 745 1785 tecta
780 1747 824 1785 in
854 1746 959 1785 villis
989 1748 1024 1784 et
1050 1746 1132 1784 sola
1161 1758 1380 1784 marmorea
1406 1745 1569 1794 facienti
1597 1746 1770 1796 exponit,

200 1801 295 1850 quid
326 1800 374 1838 de
404 1814 648 1852 supervacuo
678 1801 744 1838 illo
775 1801 983 1851 splendore
1004 1801 1147 1838 sentiat
1176 1799 1217 1849 (ᾗ
1239 1800 1364 1850 49).4)
1414 1800 1491 1839 Sed
1516 1801 1771 1852 inspiciamus

199 1855 407 1894 Juvenalis
433 1855 556 1906 ipsius
586 1860 762 1894 saturam
795 1857 855 1893 14.
872 1867 929 1896 ὅθι

517 1930 751 1979 Aedificator
779 1933 865 1969 erat
894 1929 1108 1978 Cretonius,
1139 1933 1172 1969 et
1200 1930 1312 1969 modo
1338 1943 1456 1968 curm

519 1985 629 2024 litore
658 1985 821 2034 Caietae,
851 1997 1004 2023 summa
1036 1997 1143 2024 nunc
1174 1984 1335 2023 Tiburis
1364 1996 1460 2032 arce,

516 2052 625 2078 nuno
654 2039 923 2078 Roenestinis
952 2039 996 2077 in
1025 2038 1221 2078 montibus
1248 2038 1329 2077 alta
1353 2038 1526 2088 parabat

515 2093 691 2133 eulmina
721 2093 907 2132 villarum
937 2093 1095 2133 Graecis
1124 2092 1304 2143 Ionqeque
1327 2093 1459 2143 petitis

516 2147 817 2197 marmoribus&
850 2177 1060 2186 ......

411 2204 462 2241 92
523 2232 735 2240 ......
768 2202 973 2241 imminuit
1000 2215 1077 2240 rem

513 2257 630 2308 freyit
658 2270 762 2306 ope33
791 2270 859 2296 nec
881 2268 1011 2306 parva
1042 2259 1172 2295 tamen
1201 2268 1389 2295 mensura
1417 2254 1569 2294 relictae

511 2313 642 2361 partis
670 2314 770 2362 erat;
802 2313 918 2350 totam
949 2311 1051 2350 hano
1080 2310 1253 2350 turbavit
1278 2309 1387 2360 filius
1414 2321 1559 2359 amens,

517 2367 610 2405 dum
640 2367 794 2405 meliore
824 2379 946 2405 novas
974 2365 1117 2405 attollit
1144 2378 1338 2405 marmore
1366 2364 1491 2403 villas.

197 2515 237 2549 Pl
311 2473 364 2548 31)
391 2474 434 2506 cf.
460 2473 539 2507 Seu.
563 2473 660 2506 brev
687 2474 750 2506 vit.
777 2476 826 2506 12.
840 2479 865 2505 3.
913 2473 1005 2506 Plut.
1030 2473 1074 2506 de
1097 2474 1151 2506 ira
1175 2473 1252 2506 coh.
1274 2475 1311 2504 14
1335 2473 1412 2510 (462
1431 2472 1485 2510 D).
1521 2472 1602 2505 Luc.
1627 2474 1691 2505 sat.
1717 2474 1768 2505 29.

240 2517 287 2549 in.
334 2518 353 2549 3
378 2517 433 2558 §8
457 2526 509 2559 sq.

330 2562 405 2599 2)
413 2561 463 2593 De
500 2560 653 2593 Maximo
689 2560 815 2601 l'yrio
855 2561 943 2593 scite
986 2560 1157 2593 disseruit
1194 2559 1233 2596 ΙΙ
1271 2558 1420 2597 nobem,
1456 2558 1645 2599 Gottingae
1676 2560 1768 2592 1895.

197 2603 343 2637 Maximi
368 2587 652 2642 dissertatione&
678 2604 843 2645 quamvis
860 2604 1137 2637 declamatoriae
1154 2603 1237 2641 sint,
1254 2601 1299 2635 ad
1318 2602 1485 2635 moralem
1503 2603 1769 2645 philosophiam

198 2648 296 2680 illius
320 2648 450 2681 aetatis
473 2653 569 2681 reete
594 2647 879 2688 cognoscendam
907 2648 1057 2681 multum
1082 2648 1255 2680 materiae
1279 2645 1520 2687 suppeditant.

328 2693 362 2732 3)
387 2692 432 2725 cf.
457 2691 668 2731 Wendland,
693 2693 829 2733 quaest.
856 2691 942 2724 Mus
966 2701 999 2733 p.
1016 2693 1074 2730 '283
1099 2690 1201 2723 Philo
1225 2691 1292 2723 eto.
1317 2699 1348 2731 p.
1367 2691 1407 2723 25
1424 2700 1474 2731 sq.

328 2736 363 2775 4)
388 2735 432 2768 cf.
458 2735 527 2768 Cic.
553 2735 608 2767 off.
639 2738 665 2767 1.
686 2736 756 2768 140.
848 2736 881 2774 5)
907 2735 950 2767 of.
975 2735 1056 2767 δην.
1082 2736 1167 2766 7.]82
1184 2744 1235 2775 sq.
1265 2735 1382 2773 ll.175;
1405 2735 1502 2767 4‚11‘.>.
