1980 3097
865 109 1111 148 —44-

201 238 255 289 μὴ
286 237 483 276 κτείνουσί
506 250 548 275 τε
575 239 618 275 τὸ
645 238 691 276 ἐκ
712 239 893 290 προνοίας
919 240 1060 289 θεϊκῆς
1088 238 1277 290 φυόμενον
1305 245 1381 278 τῶν
1412 240 1634 291 ἀνθρώπων
1663 239 1773 291 γένος

201 291 457 344 κακοτέχνοις
497 298 708 344 μηχαναῖς·
752 294 867 333 αὗται
908 295 985 346 γὰρ
1029 293 1207 346 πορνείας
1251 293 1314 332 ἐπὶ
1355 293 1580 347 καλύμματι
1622 299 1699 342 τοῖς
1731 295 1771 341 ἐς

201 346 376 397 παντελῆ
413 352 651 386 κατασπῶσι
680 347 834 399 φθορὰν
864 349 1041 400 φθορίοις
1075 348 1347 400 συγχρώμεναι
1381 350 1602 400 φαρμάκοις
1636 350 1771 397 ἐξανα-

201 401 405 440 λίσκουσιν
438 403 519 452 ἅμα
548 407 601 452 τῷ
630 401 783 452 ἐμβρύῳ
812 403 885 452 τὴν
915 402 1225 454 φιλανθ-ρωπίαν.
1237 402 1269 450 ¹)

333 465 519 504 Mulieres
562 466 745 503 maritis
787 466 1001 506 molestis
1044 468 1127 506 sine
1174 466 1254 505 ulla
1302 466 1545 506 dubitatione
1593 480 1773 506 venena

200 532 372 570 parare
394 519 545 558 Seneca
570 519 665 558 dicit
690 519 736 558 fr.
759 521 824 564 52,
851 533 912 572 ep.
937 522 1027 560 119.
1043 533 1074 564 6
1122 521 1233 560 Idem
1259 521 1439 572 exempla
1465 520 1773 572 Clytaemestrae

203 578 241 611 et
271 573 420 625 Eriphy
422 574 484 612 lae
513 574 639 612 affert.
667 573 714 612 fr.
737 575 806 612 66;
834 572 945 620 Quid
969 574 1145 623 referam
1164 572 1413 623 Pasiphaen,
1441 572 1773 624 Clytaemestram

201 629 240 665 et
274 625 532 677 Eriphylam,
570 639 746 676 quaram
782 658 790 667 .
824 660 831 668 .
864 659 872 667 .
907 658 914 665 .
958 628 1088 668 altera
1127 627 1313 668 occidisse
1347 626 1482 667 virum
1518 627 1562 667 ob
1598 640 1773 668 amorem

204 680 394 730 adalteri,
417 684 477 719 ter
480 680 538 720 tia
553 680 786 730 prodidisse
806 681 1110 731 Amphiaraum
1129 686 1167 722 et
1185 682 1311 721 saluti
1335 682 1415 721 viri
1433 682 1581 721 monile
1603 695 1680 721 am·
1682 695 1774 721 eum

198 712 447 784 praetulisse
478 737 527 775 cf.
557 737 648 775 Juv.
681 738 773 777 655.

425 810 650 850 Occurrent
677 812 830 851 multae
860 812 932 851 tibi
961 812 1128 851 Belides
1158 816 1274 862 atque
1303 811 1528 863 Eriphylae

420 878 564 914 mane:
595 865 928 916 Clytaemestram
956 866 1098 905 nullus
1128 880 1209 906 non
1237 866 1349 906 vicus
1378 866 1545 906 habebit.

201 943 394 986 Quamvis
424 957 472 981 ex
500 945 638 994 priscis
668 945 910 994 temporibus
940 945 1119 983 homines
1149 957 1407 983 novercarum
1436 944 1527 983 odia
1560 945 1599 982 in
1629 944 1773 982 liberos

203 996 334 1035 mariti
367 998 656 1049 reprehendere
691 998 795 1037 soliti
829 999 919 1047 sint,
957 1002 1088 1037 tamen
1125 998 1347 1051 philosophi
1376 999 1585 1050 populares
1620 998 1668 1037 de
1700 998 1773 1037 hoc

202 1056 365 1102 peccato
394 1065 522 1103 pauca
550 1053 672 1091 verba
702 1053 842 1092 fecisse
870 1053 1066 1092 videntur.
1126 1054 1278 1092 Seneca
1307 1053 1439 1092 Ovidii
1473 1054 1604 1092 locum
1639 1052 1774 1091 laudat

202 1107 239 1143 d.
268 1105 313 1143 ir.
342 1105 393 1144 ΙΙ.
422 1108 458 1144 9.
474 1117 506 1151 -2,
535 1108 600 1146 ubi
632 1107 770 1145 talium
800 1107 1020 1146 facinorum
1048 1107 1196 1146 mentio
1226 1108 1281 1146 fit.
1328 1107 1482 1147 Liberis
1513 1106 1773 1158 nequissimas

202 1160 382 1199 homiues
407 1160 507 1200 lucri
534 1174 653 1201 causa
672 1162 850 1201 insidiari
871 1162 1103 1213 plerumque
1130 1162 1169 1200 in
1197 1162 1387 1211 diatribis,
1415 1163 1455 1201 in
1481 1162 1623 1212 quibus
1645 1163 1774 1211 agitur

202 1215 250 1251 de
281 1216 461 1262 avaritia,
490 1215 713 1266 legimus.²)

312 1278 427 1322 Quod
456 1279 663 1319 «luvenalis
698 1281 736 1319 id
773 1281 942 1320 maxime
977 1280 1135 1319 feminis
1169 1280 1302 1329 obicit,
1338 1281 1591 1329 demonstrat,
1627 1284 1772 1330 quanto

201 1333 292 1371 odio
321 1334 362 1371 in
391 1347 458 1372 eas
486 1335 754 1373 inflammatus
783 1336 844 1373 sit.
900 1335 989 1373 Alia
1018 1348 1174 1386 quoque
1203 1336 1299 1373 vitia
1329 1334 1532 1386 profert3),
1562 1347 1663 1385 quae
1693 1338 1773 1372 tam

203 1400 294 1426 rara
329 1393 453 1437 erant,
488 1393 532 1428 ut
565 1389 615 1429 ab
651 1389 738 1428 aliis
772 1389 889 1442 plane
923 1390 1239 1441 neglegerentur.
1297 1389 1379 1429 Nec
1413 1389 1577 1429 dubium
1605 1389 1772 1438 videtur,

204 1444 300 1493 quin
330 1443 393 1482 hie
424 1458 518 1483 suae
548 1444 808 1495 indignationi
838 1458 1088 1496 summopere
1122 1445 1339 1483 indulserit.
1397 1444 1525 1487 Quam
1554 1445 1773 1494 impudicas

203 1497 390 1536 mulieres
432 1499 470 1536 in
517 1499 669 1537 theatro
709 1512 750 1537 se
790 1500 1037 1550 praeberent,
1078 1499 1163 1537 sine
1203 1498 1321 1537 dubio
1361 1498 1446 1550 ipse
1487 1498 1656 1537 videbat.
1715 1497 1772 1536 Ac

204 1551 328 1591 multa
357 1551 436 1592 alia
465 1554 693 1605 conspicere
723 1558 760 1592 et
785 1553 922 1593 audire
945 1558 1116 1605 poterat3
1147 1554 1287 1605 ingens
1311 1558 1371 1592 est
1390 1553 1521 1592 famae
1547 1554 1624 1599 vis3
1651 1554 1773 1590 multa

202 1608 323 1645 etiam
359 1621 491 1645 rernm
526 1609 737 1659 scriptores
771 1609 986 1647 memoriae
1020 1607 1296 1659 prodebantfl)
1363 1607 1502 1655 Itaque
1540 1620 1689 1655 vereor,
1732 1612 1774 1644 ut

202 1666 312 1700 certo
342 1662 500 1713 probari
531 1663 653 1714 possit
680 1666 859 1702 nostrum
890 1663 1091 1715 exemplar
1119 1662 1316 1714 quoddam
1346 1662 1502 1701 imita-ri.

313 1727 509 1769 Quoniam
549 1732 681 1766 autem
720 1729 976 1778 cognovimus
1011 1732 1050 1766 et
1083 1728 1123 1765 in
1153 1728 1275 1776 libris,
1314 1727 1354 1765 in
1383 1728 1526 1778 quibus
1560 1727 1609 1765 de
1638 1727 1773 1764 matri-

203 1781 337 1819 monio
359 1781 500 1832 agitur,
522 1786 560 1821 et
575 1783 614 1821 in
637 1782 724 1822 aliis
743 1781 1068 1834 philosophorum
1089 1781 1430 1821 dissertationibus
1449 1782 1544 1820 vitia
1564 1781 1774 1820 mulierum

203 1835 343 1873 eodem
388 1836 472 1874 fere
514 1837 632 1875 modo
669 1837 865 1888 castigari,
909 1837 1007 1875 nihil
1044 1841 1113 1884 est,
1159 1837 1264 1887 quod
1299 1835 1535 1874 Juvenalem
1573 1841 1772 1874 auctorem

202 1890 401 1940 quendam
432 1894 614 1930 secutum
644 1904 730 1930 esse
761 1904 962 1942 negemus,
993 1904 1110 1943 quem
1141 1891 1332 1930 Senecam
1362 1890 1482 1929 fuisse
1518 1912 1566 1916 —
1598 1889 1638 1928 id
1668 1890 1772 1941 quod

202 1944 315 1983 Felix
357 1945 469 1985 Book
512 1943 776 1997 suspicatur⁵)
821 1969 871 1973 —
915 1947 981 1985 vix
1023 1946 1234 1997 disceptari
1271 1949 1409 1997 potest.
1468 1944 1591 1983 Recte
1635 1944 1773 1983 Fried-

202 1999 367 2038 laender
392 2000 563 2048 monetss)
591 2004 804 2039 concentus
830 2001 928 2039 tales
954 2013 1051 2049 esse,
1078 2000 1214 2051 quales
1233 2000 1320 2051 ipsa
1346 1999 1511 2038 materia
1537 1998 1771 2037 efficiantur.

202 2052 341 2105 Neque
384 2055 489 2093 enim
529 2055 628 2094 nulli
669 2060 759 2094 sunt
796 2055 871 2094 loci
907 2068 1135 2095 communes
1169 2059 1213 2093 ut
1248 2068 1310 2093 vv.
1348 2054 1413 2103 35,
1449 2054 1527 2093 268
1564 2067 1619 2104 sq.
1663 2053 1770 2103 (Seu

203 2108 250 2146 fr
283 2107 565 2157 49);v.178
610 2109 720 2159 (Sen.
764 2110 811 2148 fr.
849 2110 928 2158 51).
1000 2110 1190 2161 Eriphyla
1231 2113 1364 2147 autem
1407 2113 1446 2146 et
1488 2107 1773 2159 Clytaemestra

204 2161 259 2210 (v
283 2163 381 2211 655)
412 2164 670 2202 celeberrima
689 2165 901 2216 coniugum
931 2164 1171 2216 perfidarum
1201 2163 1381 2214 exempla
1400 2165 1503 2211 sunt,
1525 2175 1627 2214 quae
1660 2160 1773 2213 pueri

204 2217 243 2255 in
274 2217 418 2257 scholis
458 2218 673 2258 discebant.
733 2219 907 2268 Accedit,
942 2223 987 2258 ut
1014 2218 1126 2258 Beck
1167 2218 1387 2269 complures
1415 2218 1523 2256 locos
1552 2217 1771 2264 contulerit,

202 2272 271 2321 qui
310 2285 451 2322 parum
492 2274 596 2312 inter
635 2287 677 2312 se
713 2274 953 2324 respondent
987 2278 1030 2311 ut
1063 2274 1155 2312 Juv.
1190 2286 1251 2310 vx.
1285 2272 1376 2319 351,
1407 2271 1499 2319 353,
1529 2271 1607 2310 366
1638 2285 1694 2322 sq.
1734 2276 1773 2309 et

204 2325 357 2364 Sen.fr.
377 2329 440 2365 51.
477 2327 987 2378 Haudquaquamanostro
1001 2327 1144 2366 dicitur
1172 2326 1351 2365 amarito
1368 2325 1491 2364 servis
1504 2326 1635 2364 uxoris
1647 2326 1771 2364 ullum
1813 2377 1816 2380 ἢ

339 2480 371 2518 1)
396 2479 667 2513 Ps.Phoc.184
692 2480 734 2513 cf.
760 2479 842 2512 Min.
874 2479 943 2513 Fel.
972 2481 1024 2512 30.
1038 2485 1052 2508 2
1081 2478 1217 2521 apocal.
1241 2477 1337 2510 Petri
1366 2487 1398 2519 p.
1416 2479 1485 2510 652
1507 2486 1562 2519 ap.
1590 2476 1771 2511 Dieterich

204 2521 354 2564 Nekyia.
374 2541 412 2546 -
438 2524 482 2557 cf.
507 2523 709 2564 Praechter‚
735 2523 829 2556 Hier
852 2533 884 2565 p.
902 2526 960 2563 863
986 2522 1195 2562 Wendland‚
1218 2521 1281 2555 Ph.
1306 2523 1372 2555 etc.
1396 2531 1429 2564 p.
1442 2522 1494 2555 37

336 2569 369 2605 2)
396 2567 439 2600 cf.
463 2576 542 2609 pag.
571 2569 608 2600 19
627 2577 679 2609 sq.
813 2567 847 2607 3)
873 2567 917 2600 cf.
942 2568 1124 2600 ‚142—267.

335 2613 369 2652 4)
396 2611 447 2643 De
464 2611 612 2649 ratione
630 2621 720 2652 quae
737 2611 904 2644 „iuvenali
922 2620 1003 2643 cum
1025 2619 1145 2643 rerum
1162 2608 1396 2650 scriptoribus
1413 2607 1613 2647 intercedit,
1637 2585 1771 2639 Gercke

202 2655 279 2698 egit
303 2655 451 2688 Seneca·
456 2653 603 2687 Studien
633 2656 691 2687 187
716 2656 812 2694 (ann.
838 2654 924 2696 phil.
950 2654 1063 2696 suppl.
1090 2654 1156 2691 22)

335 2701 373 2738 5)
400 2698 499 2732 Stuu.
528 2698 616 2740 lips.
641 2698 718 2731 XIX
744 2699 912 2740 (1899111.
937 2700 990 2730 44.
1124 2697 1156 2734 6)
1183 2706 1215 2737 p.
1240 2697 1312 2728 281.
