1980 3097
859 167 1105 204 *52—

194 296 413 349 vituperari
441 296 528 348 quis
557 296 711 335 nescit?
740 296 790 336 cf.
819 296 910 335 Sen.
932 300 1081 348 quaest.
1105 300 1183 336 nat.
1205 295 1267 335 III
1286 309 1344 348 pr.
1370 298 1405 335 6.
1432 295 1770 345 quemadmodum

194 349 410 389 Hannibal
436 349 700 400 superiecerit
719 349 846 400 Alpes
855 348 888 399 ¹)
913 349 1117 399 scribunt,·
1143 350 1481 400 quemadmodum
1507 349 1769 399 confirmatus

195 403 428 454 Hispaniae
448 403 631 444 cladibus
639 405 674 456 ²)
696 404 843 444 bellum
862 403 1013 444 Italiae
1033 403 1271 455 inopinatus
1291 403 1478 444 intulerit
1486 405 1520 456 3)
1546 404 1769 456 fractisque

195 459 353 510 rebus4)
390 462 428 498 et
456 462 551 509 post
580 458 868 510 Garthaqinem
897 458 1098 509 pertinax
1131 472 1243 510 reyes
1274 458 1588 510 pererraveritf’)
1627 460 1771 499 ducem

190 512 444 564 promittens,
476 513 701 552 exercitum
725 516 891 563 petens;
920 513 1258 563 quemadmodum
1286 526 1368 552 non
1394 512 1560 552 desierit
1585 513 1771 554 omnibus

196 567 359 618 anqulis
390 567 538 606 bellum
565 579 691 606 senex
720 579 933 616 quaerere:
963 568 1060 607 adeo
1089 567 1176 606 sine
1199 566 1343 617 patria
1362 566 1457 617 pati
1476 569 1651 618 poterat,
1680 568 1770 607 sine

195 621 303 661 hoste
346 634 429 661 non
466 624 640 672 poterat.
700 621 894 662 Senecam
936 623 1000 663 hic
1035 623 1200 675 aliisque
1234 622 1371 671 locis⁶)
1406 624 1456 663 ob
1494 623 1591 662 alias
1629 636 1770 663 causas

194 677 432 718 Hannibalis
477 679 717 718 mentionem
760 678 893 718 facere
935 692 1000 718 me
1035 692 1113 718 non
1147 678 1300 718 fefellit.
1355 678 1438 718 Nec
1470 691 1566 717 vero
1600 679 1767 718 multum

194 733 235 772 id
264 737 399 773 nostra
426 734 612 783 interest;
646 735 777 773 minus
812 734 918 773 enim
947 738 1168 774 monstrare
1202 734 1290 774 volo
1320 733 1574 786 philosophos
1609 734 1769 774 easdem

194 801 258 827 res
293 792 507 828 tractantes
541 789 682 827 iisdem
717 789 908 841 exemplis
943 789 1087 840 quibus
1121 789 1355 828 Juvenalem
1396 802 1488 827 usos
1529 802 1615 827 esse
1649 802 1768 840 quam

195 843 356 883 omnino
385 856 523 883 eorum
551 843 675 883 fuisse
702 844 821 895 longe
850 844 1088 883 clarissimos
1117 843 1222 883 viros
1256 847 1325 883 aut
1355 843 1568 883 imitandos
1603 848 1671 883 aut
1703 844 1770 883 de-

195 898 418 949 spiciendos
438 899 581 937 animis
610 911 749 937 eorum
779 899 846 949 qui
864 899 1002 948 legunt
1020 911 1253 949 proponere.
1300 898 1440 949 Itaque
1460 902 1769 937 consentaneum

195 956 255 991 est
294 952 510 991 Alexandri
553 952 783 991 aviditatem
825 952 975 1003 gloriae
1010 965 1034 990 a
1066 952 1310 1004 philosophis
1341 952 1569 991 saevissime
1608 952 1769 1004 carpi.⁷)

195 1006 245 1045 cf.
277 1007 368 1046 Juv.
402 1007 630 1047 168—173.

325 1061 427 1100 Eam
468 1065 599 1100 autem
636 1060 828 1110 Diogenis
863 1060 1128 1099 continentiae
1163 1058 1436 1112 plerumque⁸)
1480 1060 1626 1111 opponi
1668 1061 1769 1100 adeo

196 1119 350 1154 constat
378 1116 482 1154 inter
510 1128 659 1162 omneS‚
688 1119 733 1153 ut
760 1128 809 1154 ex
833 1114 945 1153 libris
965 1115 1289 1166 philosophorum
1318 1115 1465 1154 similes
1494 1115 1600 1154 locos
1628 1115 1770 1154 afferre

195 1183 294 1221 opus
322 1183 400 1209 non
432 1170 493 1209 sit.
551 1170 614 1209 Ad
644 1169 747 1208 hanc
783 1173 959 1208 saturam
987 1170 1113 1221 magis
1144 1169 1312 1221 quadrat
1347 1169 1437 1208 Sen.
1470 1182 1531 1221 ep.
1565 1170 1688 1212 119.7
1709 1183 1767 1221 sq.

193 1223 294 1262 Post
323 1223 512 1261 Dareum
547 1226 585 1261 et
612 1222 739 1261 Indos
763 1235 927 1271 pauper
965 1226 1024 1260 est
1057 1222 1306 1261 Alexander.
1365 1222 1564 1261 Mentior:
1594 1223 1767 1272 quaerit,

194 1276 300 1327 quod
341 1289 464 1315 suum
505 1275 644 1325 faciat,
688 1278 898 1315 scrutatur
941 1274 1074 1314 maria
1117 1275 1266 1326 iqnota,
1311 1275 1355 1314 in
1392 1288 1585 1315 oceanum
1619 1276 1767 1315 classes

195 1344 319 1371 novas
335 1330 465 1373 *mittit
484 1333 522 1370 et
548 1330 653 1381 ipsa,
680 1333 726 1370 ut
746 1329 805 1370 ita
825 1329 975 1380 dicam,
993 1330 1139 1369 mundi
1160 1330 1341 1370 claustra
1356 1330 1602 1380 perrumpit.
1652 1330 1771 1379 Quod

195 1388 369 1425 naturae
398 1385 500 1425 satis
530 1388 599 1435 est,
631 1384 785 1424 homini
814 1398 896 1424 non
925 1387 1002 1423 est:
1037 1384 1225 1424 inventus
1260 1388 1330 1435 est,
1368 1385 1438 1434 qui
1472 1384 1769 1435 concupisceret

197 1439 353 1489 aliquid
377 1443 471 1490 post
501 1439 665 1479 omnia.
699 1471 707 1478 .
741 1470 748 1477 .
782 1471 789 1477 .
821 1439 904 1478 Ille
933 1439 1047 1478 modo
1077 1439 1265 1490 iqnobilis
1295 1439 1437 1490 anquli
1467 1453 1547 1479 non
1565 1439 1653 1478 sine
1679 1452 1769 1479 con-

196 1493 391 1533 troversia
425 1494 614 1533 dominus
650 1496 753 1532 tacto
788 1493 868 1540 fine
899 1496 1104 1532 terrarum
1128 1506 1205 1542 per
1233 1506 1356 1532 suum
1393 1493 1601 1532 rediturus
1637 1494 1769 1532 orbem

196 1547 326 1588 tristis
356 1551 424 1587 est.
484 1550 533 1589 cf.
564 1563 600 1587 v.
637 1550 724 1588 168.

487 1624 602 1664 Unus
631 1625 790 1664 Pellaeo
820 1623 958 1662 iuveni
987 1637 1068 1662 non
1096 1623 1251 1672 sufficit
1281 1623 1398 1673 orbis,

489 1681 645 1716 aestuat
675 1677 826 1727 infelix
856 1680 1025 1727 anqusto
1057 1677 1183 1716 limite
1211 1677 1358 1716 mundi
1387 1684 1459 1717 etc.

195 1757 329 1795 Vitam
345 1757 430 1795 eius
446 1770 526 1795 non
542 1756 626 1794 sine
642 1760 793 1794 maestu
808 1761 846 1794 et
858 1756 1017 1795 tristitia
1029 1756 1151 1794 fuisse
1165 1757 1317 1795 Seneca
1329 1756 1465 1795 scribit
1483 1769 1545 1807 ep.
1565 1756 1652 1795 113.
1670 1756 1768 1805 29.⁹)

194 1811 468 1850 Alexandrum
510 1811 561 1850 ad
609 1809 755 1849 inferos
803 1811 1027 1850 venientem
1070 1810 1272 1862 Diogenes
1315 1811 1355 1849 in
1398 1811 1565 1850 Luciani
1612 1811 1768 1863 dialogo

196 1870 440 1913 mortuorum
483 1865 637 1904 decimo
680 1866 793 1903 tertio
836 1866 988 1917 recipit,
1032 1878 1122 1904 cum
1165 1866 1270 1905 dicat
1299 1879 1390 1904 eum
1425 1869 1624 1904 mortuum
1669 1866 1768 1904 nihil

194 1921 352 1960 differre
373 1921 422 1960 ab
449 1921 538 1959 aliis
558 1920 796 1959 hominibus.
846 1919 893 1959 Τί
917 1927 1040 1969 τοῦτο,
1062 1921 1093 1959 ὡ
1114 1919 1366 1972 Ἀλέξανδρε,
1398 1922 1466 1959 καὶ
1493 1922 1541 1959 σὺ
1566 1920 1769 1972 τέθνηκας

194 1977 263 2014 καὶ
293 1977 427 2026 ὥσπερ
459 1977 528 2014 καὶ
557 1976 670 2027 ἡμεῖς
701 1977 885 2021 ἅπαντεςς

250 2051 298 2091 cf.
330 2052 422 2091 JuV.
453 2066 489 2091 v.
527 2052 602 2091 172
633 2048 879 2100 sarcopkaqo
909 2052 1118 2089 conte-ntus
1142 2049 1229 2090 crit.
1288 2049 1403 2090 Mors
1431 2049 1517 2089 sola
1544 2049 1710 2100 fatetur,

628 2104 830 2154 quantula
858 2103 942 2142 sint
971 2103 1179 2143 hominum
1207 2105 1459 2154 corpuscula.

324 2171 531 2211 Postremo
578 2171 770 2218 Xerxis,
820 2170 924 2222 regis
970 2170 1195 2221 Persarum,
1251 2171 1506 2211 ambitionem
1553 2171 1768 2223 opprobrat

194 2240 256 2264 vv.
291 2227 517 2265 173—187.
578 2226 701 2264 Cuius
731 2225 979 2276 Hellesponti
1009 2226 1194 2265 traiectus
1224 2231 1262 2265 et
1291 2227 1411 2265 maris
1441 2227 1646 2277 castigatio
1677 2239 1765 2264 cum

194 2281 282 2319 aliis
309 2284 393 2319 tum
423 2280 667 2332 philosophis
697 2292 855 2331 semper
884 2284 1116 2330 argumento
1145 2284 1241 2328 erat,
1272 2284 1460 2332 quantam
1485 2281 1526 2319 in
1550 2280 1765 2332 perniciem

194 2335 380 2387 superbia
409 2336 558 2374 caecati
577 2335 757 2374 homines
777 2335 1034 2373 incurrerent.
1047 2333 1094 2384 ¹⁰)
1142 2335 1192 2373 cf.
1224 2335 1315 2374 Sen.
1346 2336 1395 2374 de
1424 2335 1502 2373 otio
1522 2335 1612 2377 4.2:
1643 2332 1765 2382 Quid,

195 2391 239 2427 tu
278 2391 406 2438 putas
451 2391 549 2439 ticin,
594 2400 686 2428 cum
728 2387 901 2428 stolidus
944 2385 1012 2425 ille
1046 2400 1122 2426 rex
1154 2387 1418 2428 multitudine
1454 2388 1625 2428 telorum
1659 2386 1766 2426 diem

327 2498 359 2536 1)
384 2507 416 2530 V.
444 2499 513 2531 152.
648 2498 683 2537 2)
708 2497 752 2530 cf.
777 2506 810 2529 v.
837 2498 909 2529 151.
1043 2496 1077 2535 3)
1106 2498 1176 2529 154.
1309 2498 1348 2535 4)
1375 2499 1447 2530 159.
1581 2496 1615 2536 5>
1642 2498 1712 2529 161.

327 2542 360 2579 6)
386 2541 431 2575 de
454 2541 486 2575 ir
510 2542 556 2576 11.
581 2544 661 2585 2‚5;
686 2543 716 2575 5.
734 2545 750 2571 4
774 2550 828 2586 ep.
853 2542 905 2574 51.
925 2543 983 2573 5.7,
1030 2539 1082 2581 (Q.
1107 2539 1147 2574 N.
1172 2541 1211 2575 V.
1239 2543 1287 2575 16.
1306 2542 1347 2583 4).

326 2585 361 2624 7)
386 2585 430 2619 cf.
466 2586 596 2626 HirzeI,
631 2586 720 2619 Dial.
753 2585 781 2618 11
814 2595 846 2626 p.
880 2587 921 2618 75
940 2590 965 2614 3.
1012 2582 1120 2617 Porro
1154 2585 1199 2618 de
1235 2585 1430 2619 Alexandri
1465 2584 1767 2618 obtrectatoribus

193 2629 370 2664 nonnulla
395 2628 567 2663 disseruit
590 2629 773 2663 Schwartz
797 2627 909 2668 (Paul.
934 2625 1037 2661 Wiss.
1061 2627 1108 2660 IV
1136 2629 1218 2662 1880
1242 2628 1318 2671 sq.).

324 2674 358 2711 8)
383 2672 427 2710 cf.
454 2676 504 2708 14.
516 2678 647 2705 311-314
672 2672 765 2714 (Sen.
788 2671 868 2707 ben.
894 2672 932 2706 V.
957 2676 991 2709 4.
1009 2676 1040 2713 43
1066 2675 1083 2706 6
1104 2672 1143 2712 1).

326 2718 360 2757 9)
385 2717 427 2750 cf.
454 2717 498 2750 de
522 2717 602 2751 ben.
627 2717 690 2751 VII
715 2720 744 2750 2.
763 2722 779 2746 5
803 2726 853 2758 sq.
880 2728 912 2759 q.
938 2727 972 2751 n.
999 2716 1036 2748 V.
1056 2719 1166 2756 18.10;
1192 2727 1245 2760 ep.
1271 2718 1321 2750 94.
1335 2722 1368 2748 62
1391 2727 1442 2759 sq.
1467 2717 1515 2755 (v.
1532 2715 1606 2748 ind.
1624 2715 1765 2753 Haase).

307 2762 359 2801 10)
385 2760 429 2794 cf.
454 2760 492 2798 E.
516 2760 653 2800 Weber,
677 2761 771 2794 stud.
798 2760 888 2802 Lips.
914 2760 954 2795 X.
979 2772 1012 2804 p.
1039 2761 1090 2802 94,
1103 2763 1154 2793 96.
