1980 3097
968 821 1002 865 Ι.

313 935 317 939 ·
380 927 561 989 Qualis
593 927 857 976 duvenalis
892 930 1057 975 aetate
1093 926 1412 1007 philosophia
1445 927 1604 982 tuerit.

333 1037 518 1089 Plerique
537 1037 612 1076 viri
631 1038 746 1086 docti,
776 1037 843 1088 qui
871 1036 1015 1076 saturis
1032 1036 1238 1075 Juvenalis
1268 1036 1574 1087 interpretandis
1607 1050 1770 1088 operam

202 1092 407 1138 dederunt,
434 1097 633 1130 auctorem
653 1104 731 1129 non
751 1091 877 1129 multa
895 1104 983 1129 cum
1004 1091 1258 1141 philosophis,
1288 1103 1378 1128 cum
1398 1091 1621 1128 rhetoribus
1640 1101 1773 1142 paene

202 1145 336 1185 omnia
367 1146 657 1185 communicare
690 1144 900 1195 censent.¹)
965 1144 1082 1184 Velut
1127 1144 1352 1184 Ludovicus
1397 1145 1682 1185 Friedlaender
1726 1147 1767 1185 in

201 1201 447 1251 praefatione
475 1202 655 1239 editionis
682 1200 850 1250 vestigia
878 1200 928 1238 ad
956 1200 1172 1250 sapientiae
1200 1200 1372 1238 studium
1391 1200 1630 1251 pertinentia
1658 1201 1770 1239 nulla

201 1255 286 1294 fere
314 1254 457 1294 nisiin
487 1259 625 1306 quarto
653 1254 754 1293 libro
798 1258 837 1292 et
875 1254 1010 1305 quinto
1045 1253 1214 1292 inveniri
1242 1252 1383 1299 dicit.2)
1441 1253 1516 1293 Oui
1549 1255 1767 1294 sententiae

200 1309 486 1350 Friedlaender
512 1310 597 1360 ipse
625 1321 849 1360 repugnare
874 1308 971 1346 mihi
998 1308 1167 1356 videtur,
1196 1321 1285 1346 cum
1315 1321 1394 1346 non
1414 1309 1530 1355 modo
1560 1322 1581 1346 e
1611 1310 1771 1353 saturis,

202 1375 367 1414 quorum
388 1367 622 1414 argumenta
641 1375 731 1401 cum
749 1363 971 1414 praeceptis
990 1366 1030 1400 et
1042 1362 1197 1413 placitis
1212 1362 1533 1414 philosophorum
1549 1375 1773 1414 congruere

200 1418 398 1458 neminem
422 1418 535 1468 fugit,
565 1418 632 1456 sed
662 1417 781 1455 etiam
810 1430 859 1455 ex
886 1417 946 1464 iis,
975 1416 1015 1454 in
1037 1416 1178 1466 quibus
1198 1417 1386 1455 materiae
1405 1421 1636 1465 tractantur,
1666 1431 1773 1470 quae

200 1472 328 1523 primo
357 1478 517 1522 aspectu
546 1469 904 1522 cum‘philosophia
930 1469 1029 1508 nihil
1048 1482 1256 1509 commune
1275 1470 1421 1509 habere
1445 1470 1642 1519 videntur,
1671 1484 1773 1511 non-

199 1526 329 1566 nullos
356 1526 463 1565 locos
507 1525 747 1565 contrarium
774 1525 858 1564 fere
887 1524 1202 1564 demonstrantes
1231 1525 1381 1564 afferat.
1439 1525 1569 1569 Quam
1603 1526 1653 1565 ob
1682 1540 1769 1565 rem

199 1580 345 1619 Ferraz
371 1581 413 1618 in
441 1580 589 1628 libello,
608 1581 650 1618 in
675 1593 752 1631 quo
781 1580 911 1630 agitur
942 1579 1015 1628 „de
1038 1579 1245 1630 disciplina
1265 1580 1487 1618 Stoicorum
1507 1580 1612 1631 apud
1631 1585 1773 1631 poetas

198 1632 479 1684 Romanos“‚³)
503 1634 530 1674 J
532 1634 740 1674 uvenalem
760 1646 916 1687 quoque
934 1634 976 1673 in
996 1635 1222 1674 auctoribus
1241 1634 1607 1686 philosophantibus
1625 1636 1770 1675 merito

198 1694 392 1729 numerat.
448 1690 587 1740 Neque
634 1690 739 1728 enim
785 1689 1076 1740 neglegendum
1123 1694 1183 1728 est
1227 1690 1522 1740 philosophiam.
1561 1689 1769 1730 Juvenalis

197 1744 440 1796 temporibus
480 1744 598 1783 aliam
637 1744 759 1783 fuisse
797 1756 842 1782 ac
879 1743 1056 1782 Platonis
1096 1747 1136 1782 et
1171 1741 1393 1784 Aristotelis
1432 1748 1572 1789 aetate,
1614 1756 1702 1784 cum
1744 1758 1771 1784 e

197 1799 437 1838 tribus-eius
464 1800 641 1850 partibus
669 1799 860 1838 naturalis
889 1802 929 1837 et
955 1799 1158 1837 rationalis
1187 1799 1285 1837 nihil
1313 1799 1438 1837 ferme
1465 1799 1545 1837 iam
1578 1799 1770 1848 valerent‚.

199 1854 333 1892 omnia
352 1852 563 1903 moralis.4)
610 1853 713 1892 Tum
733 1853 851 1902 enim,
875 1865 965 1891 cum
984 1852 1010 1891 J
1013 1852 1190 1891 uvenalis
1210 1857 1431 1891 saturarum
1451 1853 1571 1892 libros
1590 1853 1771 1906 quinque

197 1907 469 1959 componebat,
502 1907 722 1959 philosophi
753 1906 985 1959 sapientiam
1005 1907 1123 1945 etiam
1143 1908 1269 1959 magis
1288 1908 1523 1958 pervulgare
1542 1908 1767 1948 studebant-

198 1961 313 2005 Quod
351 1965 395 2000 ut
431 1962 644 2008 efficerent,
684 1962 863 2012 exemplo
893 1960 1130 2012 Cynicorum
1168 1965 1207 1999 et
1235 1962 1454 2000 Stoicorum
1491 1962 1764 2013 philosophiae

196 2016 295 2055 fines
322 2015 479 2067 longius
506 2016 791 2068 promovebant
818 2018 857 2054 et
884 2015 940 2054 de
954 2015 1135 2054 omnibus
1164 2016 1281 2055 rebus
1301 2015 1484 2054 humanis
1503 2016 1765 2056 disserebant,

195 2065 284 2113 Quo
326 2070 475 2109 factum
518 2075 587 2118 est,
638 2074 681 2108 ut
719 2069 880 2108 Traiani
922 2070 1164 2121 temporibus
1211 2070 1392 2108 omnibus
1438 2070 1534 2109 locis
1576 2071 1764 2122 permulti

195 2124 419 2177 philosophi
459 2125 540 2164 sive
579 2125 651 2164 hoc
689 2124 847 2163 nomine
887 2123 995 2175 digni
1035 2124 1118 2163 sive
1158 2124 1309 2176 indigni
1338 2124 1654 2176 invenirentur.⁵)
1711 2125 1768 2166 Et

331 2243 361 2283 1)
384 2242 531 2283 Teuffel,
555 2241 703 2275 Studien
727 2241 802 2275 und
825 2241 1040 2275 Charaktere
1064 2243 1131 2276 etc.
1151 2252 1185 2285 p.
1201 2243 1282 2283 4133
1306 2241 1456 2285 Schanz‚
1480 2242 1606 2277 Gesch.
1622 2243 1657 2277 d.
1673 2245 1766 2278 rom-

195 2286 303 2320 Liter.
326 2286 368 2319 II.
393 2287 412 2319 2
436 2296 468 2328 p.
495 2287 572 2326 1693
606 2285 719 2327 Peter,
753 2285 812 2318 die
836 2285 1048 2327 geschichtl.
1073 2285 1178 2319 Liter.
1202 2286 1291 2320 iiber
1313 2286 1348 2320 d.
1371 2287 1448 2320 rom
1472 2286 1671 2322 Kaiserzeit
1693 2293 1765 2322 etc.

193 2329 227 2363 II
252 2339 286 2371 p.
309 2330 353 2363 80
374 2326 528 2371 (Lipsiae
553 2328 659 2369 1897).
1180 2341 1183 2345 ¹
1675 2362 1677 2364 .

325 2372 358 2412 2)
382 2373 434 2405 Ae
460 2373 542 2405 uius
573 2371 618 2404 de
641 2371 816 2405 «Iuvenale
839 2372 976 2406 iudicat
999 2372 1041 2406 H.
1063 2372 1210 2414 Wilcke,
1234 2373 1322 2415 quid
1352 2373 1506 2407 elocutio
1529 2374 1716 2408 Juvenalis
1740 2384 1763 2408 a·

194 2415 365 2449 Persiana
386 2382 531 2448 digerat
552 2414 715 2454 (Stendal
738 2414 835 2456 1869)
858 2424 893 2457 p.
916 2416 935 2448 7
961 2442 968 2450 .
994 2442 1000 2449 .
1025 2441 1034 2450 .
1058 2442 1066 2450 .
1100 2416 1250 2457 „satiras
1273 2416 1461 2450 Juvenalis
1494 2417 1764 2460 philosophiam

194 2467 318 2492 veram
340 2467 382 2492 ac
405 2458 613 2501 popularem
635 2466 788 2501 sequens
811 2460 1000 2494 sententiis
1032 2460 1095 2495 aut
1119 2469 1161 2493 ex
1185 2460 1261 2493 vita
1284 2460 1496 2502 quotidiana
1525 2463 1588 2495 aut
1611 2470 1653 2495 ex
1677 2462 1765 2496 aliis

195 2501 432 2544 scriptoribus
454 2501 577 2543 petitis
600 2501 713 2543 polire
737 2503 773 2536 et
795 2511 921 2537 ornare
945 2503 1096 2538 studet.“

324 2545 359 2585 3)
382 2545 531 2578 Parisiis
558 2545 649 2578 1863.

269 2631 272 2634 ἢ
323 2588 357 2629 4)
382 2587 516 2622 Muson.
547 2597 602 2630 ap.
632 2587 728 2623 Stob.
758 2588 823 2623 ecl.
848 2589 891 2623 II.
915 2591 968 2624 31.
994 2601 1039 2626 123
1064 2590 1257 2630 (Wachsm.
1280 2601 1312 2633 p.
1337 2591 1463 2631 239.28)
1486 2618 1493 2625 .
1516 2618 1524 2625 .
1547 2618 1554 2625 .
1580 2592 1764 2631 φιλοσοφία,

193 2632 451 2672 καλοκαγαθίας
467 2633 551 2663 ἐστὶν
569 2633 767 2671 ἐπιτήδευσις
781 2634 841 2664 καὶ
856 2636 951 2665 οὐδὲν
969 2635 1089 2674 ἕτερον.
1136 2634 1202 2668 Dio
1219 2634 1298 2667 Chr.
1321 2635 1369 2668 XI
1373 2635 1413 2668 ll.
1438 2637 1491 2669 28.
1514 2645 1547 2677 p.
1564 2638 1628 2669 249
1651 2635 1761 2669 Dind.

193 2675 237 2709 cf.
263 2674 384 2715 Ze11er,
410 2674 468 2708 die
490 2674 623 2708 Philos.
647 2675 681 2708 d.
705 2674 880 2709 Griechen
904 2676 962 2710 111.
985 2676 1014 2710 1³
1036 2687 1069 2719 p.
1095 2679 1168 2711 733.

324 2718 357 2758 5)
382 2717 643 2760 Friedlaender‚
667 2718 903 2761 Sittengesch.
927 2720 1035 2755 Roms
1058 2720 1121 2754 111⁶
1149 2731 1182 2763 p.
1207 2722 1280 2755 688.

1586 2790 1600 2820 1
