1980 3097
798 158 1038 196 —51—

136 294 180 328 ut
198 288 347 341 gloriae
367 287 581 326 vanitatem
602 288 884 328 demonstrent.
895 289 924 337 ¹)
982 289 1092 332 Quae
1121 302 1211 328 cum
1231 289 1286 328 ita
1314 289 1415 338 sint‚·
1434 287 1532 326 nihil
1561 288 1705 335 habeo,

137 344 241 396 quod
271 344 321 382 ob
355 342 427 381 has
460 356 524 382 res
551 343 787 383 Juvenalem
821 344 1121 396 reprehendam,
1155 344 1231 383 nisi
1264 343 1366 382 forte
1401 343 1519 382 etiam
1549 341 1704 391 Cicero,

138 401 301 446 Seneca,
330 396 566 437 Plutarchus
595 399 644 437 ob
674 399 813 437 eadem
831 399 928 437 vitia
945 398 1174 450 insipientes
1193 399 1362 437 vocandi
1381 401 1484 436 sunt.
1524 397 1702 440 Quorum

136 453 258 492 libros
287 451 335 490 ad
365 452 654 503 philosophiam
682 453 923 503 pertinentes
949 453 1088 504 plenos
1117 465 1202 491 esse
1226 453 1496 504 exemplorum
1515 464 1537 490 e
1556 451 1706 490 fabulis

138 512 176 546 et
205 506 368 544 historia
388 505 632 545 Graecorum
653 519 698 544 ac
718 506 988 545 Romanorum
1007 511 1252 557 sumptorum
1281 520 1396 545 nemo
1425 507 1592 557 ignorat.
1642 506 1703 543 Ac

137 563 222 600 iure
252 560 403 598 Seneca
432 559 567 599 scribit
595 560 645 598 ad
674 560 794 598 Marc.
816 561 888 600 2.1
919 571 944 596 a
972 558 1202 607 praeceptis
1235 558 1412 608 incipere
1448 571 1594 607 omnes,
1631 557 1702 607 qui

136 624 296 652 monere
327 612 501 661 aliquem
529 612 679 661 volunt,
711 614 748 649 et
776 611 822 649 in
851 611 1048 661 exemplis
1076 611 1269 651 desinere.

267 667 369 706 Tum
399 681 447 706 ea
475 681 566 719 pars
594 668 852 718 vituperatur,
880 667 921 704 in
951 680 1030 717 qua
1049 667 1098 705 de
1118 666 1245 705 forma
1263 668 1405 718 agitur.
1449 667 1705 717 Quantopere

136 723 326 762 Lehrsius
354 722 418 761 hic
448 726 563 772 erret,
592 722 792 761 neminem
820 721 955 772 fugiet.
1012 721 1218 773 Nusquam
1246 721 1451 760 «Iuvenalis
1479 721 1625 769 scribit,
1660 726 1704 759 ut

137 781 321 829 parentes
355 778 500 816 liberos
536 782 751 817 strumosos
788 780 905 827 atque
943 779 1055 815 utero
1091 776 1239 827 pariter
1276 776 1471 827 gibboque
1509 779 1706 814 tumentes

136 833 222 871 fieri
265 833 436 883 cupiant.
502 831 628 870 Nemo
670 832 742 870 hos
784 844 922 869 versus
963 831 1018 869 ita
1061 830 1266 881 intellegit,
1314 831 1389 868 nisi
1432 831 1499 881 qui
1540 843 1704 881 pravam

138 887 364 939 opinionem
402 886 678 938 praesumpsit.
743 885 950 924 «luvenalis
985 888 1091 923 recte
1125 885 1219 923 dicit
1258 884 1399 923 melius
1439 897 1523 922 esse
1561 885 1707 922 liberos

138 941 347 989 deformes,
400 941 469 979 sed
502 941 686 979 honestos
720 940 867 978 habere
901 952 1020 990 quam
1054 939 1260 987 formosos,
1314 939 1382 977 sed
1415 938 1634 989 impudicos
1669 943 1710 976 et

138 996 227 1046 plus
255 996 419 1046 periculi
449 1008 546 1042 esse,
577 1008 627 1033 ne
656 994 820 1033 formosi
849 994 980 1044 turpia
1008 994 1209 1044 patiantur
1229 1006 1347 1044 quam
1367 992 1575 1031 deformes.
1624 992 1707 1030 Nec

137 1063 231 1089 vero
252 1049 447 1089 deformes
467 1050 612 1088 liberos
633 1053 769 1101 optare
789 1049 909 1096 iubet,
931 1048 999 1087 sed
1015 1051 1123 1087 vetat
1141 1047 1472 1101 pulchritudinem
1493 1047 1708 1086 liberorum

140 1119 163 1143 a
191 1105 251 1143 dis
278 1104 444 1155 precari,
475 1105 662 1155 quoniam
690 1104 777 1142 fieri
804 1104 939 1154 possit,
970 1107 1014 1141 ut
1038 1103 1136 1141 haec
1165 1103 1400 1141 detrimento
1430 1102 1490 1140 sit.

270 1158 438 1198 Versum
473 1159 642 1210 denique
676 1157 756 1197 364
792 1171 882 1197 cum
916 1157 995 1196 360
1030 1170 1109 1196 non
1143 1157 1371 1208 conspirare
1405 1169 1520 1195 nemo
1559 1155 1704 1195 credet.

138 1214 277 1264 Neque
307 1215 411 1252 enim
442 1218 558 1264 poeta
587 1214 681 1251 dicit
698 1211 893 1250 Herculis
920 1223 1138 1249 aerumnas
1166 1223 1380 1259 saevosque
1411 1209 1564 1248 labores
1594 1224 1618 1248 a
1647 1211 1710 1248 dis

138 1267 328 1319 petendos
357 1280 455 1317 esse,
486 1268 555 1306 sed
584 1280 650 1306 eos
678 1266 782 1304 vitae
807 1265 1031 1305 luxuriosae
1051 1266 1357 1317 anteponendos.
1415 1264 1553 1303 Talem
1573 1268 1705 1303 autem

139 1323 314 1361 animum
345 1323 399 1361 ait
426 1323 572 1361 virtute
596 1321 799 1373 praestari.
858 1321 946 1364 Qua
966 1322 1085 1359 etiam
1103 1320 1209 1359 vitae
1228 1320 1553 1371 tranquillitatem
1573 1319 1707 1370 parari

138 1389 226 1416 meo
256 1377 416 1428 quidem
445 1377 589 1415 iudicio
619 1376 859 1415 contrarium
887 1387 964 1413 uon
995 1379 1065 1413 est.

268 1432 434 1470 Praeter
483 1433 641 1482 longam
689 1430 958 1481 exemplorum
1006 1429 1148 1468 seriem
1197 1429 1315 1467 etiam
1363 1428 1402 1466 in
1452 1428 1711 1479 dispositione

139 1486 356 1524 secuudum
386 1486 708 1524 consuetudinem
732 1483 1043 1523 adulescentium
1061 1483 1103 1522 in
1124 1483 1258 1522 schola
1278 1482 1584 1521 declamantium
1604 1482 1710 1521 facta

138 1541 372 1592 interpretes
402 1540 600 1579 offendere
628 1540 822 1578 videntur.
881 1538 993 1577 Licet
1021 1538 1094 1577 hoc
1123 1542 1274 1576 rectum
1305 1537 1366 1586 sit,
1401 1541 1534 1576 tamen
1563 1537 1604 1575 in
1634 1537 1709 1575 hac

140 1600 273 1634 satura
301 1596 441 1634 eadem
461 1608 562 1646 quae
581 1595 622 1633 in
642 1595 797 1645 scriptis
815 1593 1140 1644 philosophorum
1159 1593 1409 1644 popularium
1430 1596 1547 1643 atque
1568 1592 1707 1630 eodem

140 1650 222 1689 fere
252 1650 367 1689 modo
396 1650 558 1689 tractari
582 1649 680 1688 satis
701 1662 724 1687 a
745 1648 857 1688 nobis
876 1647 1114 1700 explicatum
1134 1651 1204 1686 ent.
1263 1646 1433 1686 Carmen
1453 1650 1586 1685 autem
1606 1647 1711 1685 bene

140 1705 399 1755 compositum
435 1709 504 1743 est.
567 1704 670 1742 Nam
707 1707 825 1754 poeta
862 1707 1070 1753 postquam
1106 1705 1198 1740 vota
1234 1702 1439 1740 hominum
1475 1702 1711 1753 plerumque

139 1771 235 1798 vera
254 1760 358 1798 bona
377 1771 455 1797 nou
477 1772 562 1798 esse
582 1758 766 1797 disseruit
786 1761 904 1808 atque
918 1756 1168 1795 incommoda
1184 1759 1222 1795 et
1236 1756 1451 1794 vanitatem
1467 1756 1710 1803 divitiarum,

141 1827 242 1864 quae
286 1814 402 1864 vulgo
450 1814 620 1852 maxime
668 1813 891 1864 cupiuntur,
939 1812 1165 1862 explanavit
1207 1810 1392 1860 (1—55),
1440 1811 1711 1861 compluribus

141 1867 331 1920 exemplis
359 1868 532 1920 primum
560 1867 804 1907 demonstrat
831 1879 878 1905 ea
906 1866 1011 1904 bona
1039 1879 1119 1904 non
1152 1878 1250 1910 esse,
1285 1865 1428 1917 quibus
1461 1865 1707 1917 potissimum

139 1923 317 1962 homines
375 1923 646 1962 auctoritatem
695 1936 736 1961 se
787 1922 1066 1973 impetraturos
1113 1933 1198 1959 esse
1245 1924 1419 1971 sperent,
1477 1920 1708 1971 potentiam,

141 1978 405 2028 eloquentiam
449 1978 660 2025 forensem,
708 1977 801 2015 belli
843 1974 1071 2026 gloriam32)
1119 1975 1260 2013 deinde
1303 1975 1422 2012 etiam
1465 1987 1531 2013 eos
1574 1987 1709 2012 errare

141 2032 323 2081 ostendit,
353 2031 421 2083 qui
449 2036 559 2071 tanta
588 2045 665 2070 non
696 2035 852 2070 orantes
881 2030 1040 2080 longam
1069 2029 1191 2067 vitam
1220 2028 1466 2080 formamque
1495 2028 1706 2080 petendam

142 2100 226 2125 esse
255 2087 412 2125 ducant.
471 2086 572 2124 Tum
593 2086 764 2137 exponit,
795 2097 896 2135 quae
915 2097 1009 2121 vera
1030 2082 1175 2132 bona3)
1204 2083 1294 2130 sint,
1324 2096 1449 2134 eaque
1473 2084 1591 2121 etiam
1622 2083 1709 2121 sine

140 2141 323 2192 precibus
353 2141 435 2180 sola
464 2141 607 2179 virtute
636 2140 780 2191 parari.
813 2160 864 2165 ——

275 2269 306 2311 1)
330 2269 566 2312 philosophos
584 2267 786 2302 Alexandro
809 2266 909 2310 prius
932 2265 1190 2300 obtrectavisse
1214 2275 1321 2309 quam
1344 2265 1505 2300 rhetores
1525 2265 1709 2300 Schwartz

142 2314 400 2347 animadvertit
423 2313 535 2353 (Paul.
561 2313 662 2346 Wiss.
681 2312 736 2346 lV.
757 2311 864 2352 1880.)

271 2359 306 2397 2)
330 2356 461 2391 Iisdem
491 2356 594 2390 bonis
618 2356 713 2389 vitae
745 2355 973 2388 serenitatem
1004 2362 1074 2387 non
1103 2354 1279 2396 praestari
1299 2352 1514 2388 Plutarchus
1543 2353 1634 2387 dicit
1663 2353 1709 2387 de

143 2401 220 2434 coh.
243 2401 297 2434 ira
323 2403 371 2434 19.
396 2411 428 2443 p.
446 2403 509 2434 476
541 2401 617 2432 ὅθεν
649 2400 723 2431 οὔτε
753 2401 843 2431 οἰκία,
865 2399 1051 2438 πολυτελὴς
1075 2398 1150 2429 οὔτε
1173 2399 1304 2438 χρυσίου
1327 2399 1458 2438 πλῆθος
1482 2399 1558 2429 οὔτε
1581 2399 1709 2437 ἀξίωμα

142 2447 258 2484 γένους
275 2445 333 2484 (cf.
350 2445 431 2478 Juv.
449 2446 514 2478 sat.
528 2445 563 2484 8)
586 2445 662 2475 οὔτε
678 2444 820 2483 μέγεθος
837 2442 944 2483 ἀρχῆς
960 2442 998 2472 οὐ
1015 2443 1118 2481 λόγου
1134 2444 1231 2482 χάρις
1246 2442 1267 2481 ἢ
1286 2444 1433 2483 δεινότης
1448 2443 1558 2473 εὐδίαν
1574 2443 1712 2481 παρέχει

144 2489 200 2528 βίῳ
229 2491 288 2520 ’καὶ
315 2490 465 2528 γαλήνην
494 2489 653 2528 τοσαύτην
683 2488 762 2527 ὅσην
789 2488 878 2527 ψυχὴ
906 2485 1141 2524 καθαρεὺουσα
1167 2487 1368 2525 πραγμάτων
1395 2487 1454 2516 καὶ
1480 2486 1708 2525 βουλευμάτων

142 2535 293 2572 πονηρῶν
309 2542 340 2562 κ.
359 2543 385 2564 τ.
403 2534 432 2562 λ.
459 2531 516 2572 (cf.
534 2531 615 2564 Luc.
631 2531 730 2572 Nigr.
746 2533 782 2571 43
806 2530 886 2563 Ceb.
904 2529 976 2562 tab.
993 2530 1029 2570 8;
1055 2528 1164 2562 Arist.
1186 2530 1294 2571 protr.
1310 2529 1353 2562 fr.
1370 2531 1427 2570 593
1441 2529 1533 2562 Rose
1555 2539 1588 2571 p.
1606 2530 1657 2562 70.
1667 2528 1709 2568 5.)

143 2575 296 2615 Norden,
321 2584 402 2610 ann.
427 2575 486 2617 ph.
512 2575 626 2617 suppl.
642 2574 758 2607 XVIII
775 2574 849 2607 339.
863 2572 886 2605 ¹.

273 2619 306 2659 3)
334 2618 464 2652 Eadem
495 2618 602 2652 simul
629 2618 860 2652 nominantur
887 2625 908 2651 a
932 2615 1065 2649 Seneca
1094 2614 1138 2648 de
1167 2615 1264 2649 brev.
1294 2626 1326 2649 v.
1355 2616 1438 2648 19.2.
1474 2616 1653 2658 Exspectat
1681 2617 1712 2648 te

144 2664 178 2694 in
206 2663 262 2695 hoc
288 2673 408 2704 ,qenere
435 2664 520 2695 vitae
546 2663 689 2694 multum
717 2662 875 2694 bonarum
902 2660 1041 2698 artium,
1068 2669 1163 2692 amor
1184 2659 1350 2692 virtutum
1374 2659 1436 2698 (cf.
1457 2669 1490 2692 v.
1507 2659 1585 2699 364)
1613 2663 1712 2700 atque

141 2715 230 2746 usus,
251 2705 470 2746 cupiditatum
498 2705 612 2738 oblivio
635 2705 682 2745 (v,
707 2704 785 2744 360)
813 2702 944 2737 vivendi
966 2701 1105 2742 (358sq.)
1133 2712 1171 2735 ac
1193 2702 1358 2736 moriendi
1381 2703 1429 2743 (v.
1457 2701 1534 2743 357)
1563 2702 1710 2741 scientia,

141 2748 210 2781 alta
233 2759 347 2781 rerum
372 2749 461 2790 quies
483 2750 531 2789 (v.
548 2748 636 2789 364.)
661 2748 704 2782 cf.
723 2747 811 2781 Max.
829 2747 908 2789 Tyr.
930 2748 965 2779 11
985 2747 1067 2786 (30.)
1086 2750 1110 2777 8.
