1980 3097
877 159 1118 198 -2101—

218 289 304 332 Quo
342 288 490 325 factum
520 292 591 332 est,
627 291 669 324 ut
697 288 737 325 in
767 288 909 326 saturis
937 288 1141 326 Juvenalis
1171 289 1396 338 piscatores,
1432 287 1579 334 fabros,
1614 291 1779 334 sutores,

216 343 397 394 pictores,
414 353 596 390 augure&
614 341 806 392 auspices,
821 342 1062 393 haruspices,
1077 342 1294 393 pontifices,
1316 341 1572 387 sufflamines,
1595 341 1780 388 medicos,

215 397 406 442 rhetores,
440 394 670 443 causidicos,
705 397 981 446 pragmaticos,
1018 396 1235 444 historicos,
1281 400 1501 447 geometras
1538 409 1614 433 non
1650 396 1781 432 minus

218 461 545 501 cognosceremus
585 461 702 499 quam
744 462 881 500 magos
920 463 1047 500 sagas,
1091 451 1293 497 cerdones,
1335 450 1532 497 mandras,
1576 448 1779 495 muliones,

217 516 446 555 mangones,
476 503 671 553 aquarios.
721 503 767 541 In
796 503 1004 542 macellum
1034 504 1214 543 ducimur
1242 509 1280 543 et
1306 504 1347 542 in
1375 505 1571 551 tabernas,
1602 504 1779 555 popinas,

218 558 381 606 culinas,
428 557 614 605 fornices,
660 557 880 608 lupanaria,
927 559 994 597 ubi
1041 563 1247 597 versantur
1293 572 1502 609 caupones,
1553 559 1779 604 nebulones,

215 624 424 662 ganeones,
468 614 624 660 nautae,
653 611 772 660 fures,
813 611 981 663 fugitivi,
1019 612 1193 662 lenones,
1243 612 1370 660 lenae,
1411 617 1551 661 scorta,
1592 613 1779 664 paelices3

217 668 397 707 videmus
416 666 582 705 feminas
609 666 815 717 spadoneS,
842 668 1055 715 eunuchos,
1080 668 1205 718 gallos
1231 672 1420 715 amantes,
1447 669 1551 706 viros
1577 668 1780 705 comitatos

217 736 241 761 a
273 720 451 774 pathicis,
492 720 678 764 cinaedis,
720 721 962 772 pusionibus.
1020 720 1068 759 In
1103 722 1254 760 theatro
1288 725 1327 759 et
1355 722 1471 770 circo,
1517 722 1554 760 in
1591 734 1708 760 scena
1743 726 1782 759 et

216 776 416 816 orchestra
437 779 476 814 et
494 788 615 814 arena
635 775 896 827 conspicimus
913 775 1134 826 histriones,
1151 776 1370 824 comoedos,
1391 776 1611 827 tragoedos,
1628 777 1782 820 mimos,

216 830 458 883 planipedeS,
488 830 747 877 citharoedos,
778 831 973 882 psaltrias,
1008 830 1227 878 choraulas,
1258 830 1448 879 tibicines,
1485 831 1780 878 schoenobatas,

216 885 464 938 petauristas,
507 885 687 935 athletas,
730 885 906 934 lanistas,
954 885 1204 936 gladiatores,
1235 885 1514 924 murmillones.
1588 885 1781 923 Audimus

217 940 410 992 cymbala,
428 943 627 991 tympana,
644 940 770 989 sistra,
786 940 934 988 pelves,
948 939 1224 986 tintinnabula,
1238 939 1415 988 bucinas,
1428 939 1556 986 tubas,
1572 939 1782 985 citharam3

217 995 373 1046 singula
391 994 656 1046 gladiatorum
676 997 717 1033 et
735 994 900 1034 militum
917 1007 1029 1034 arma
1045 998 1418 1034 commemorantur:
1440 994 1605 1041 fuscina,
1624 993 1783 1040 tridens,

217 1049 351 1098 cassis,
382 1050 508 1101 galea,
537 1050 708 1101 galerus,
739 1063 891 1098 ocreae,
912 1049 1057 1089 balteus
1084 1051 1119 1088 et
1146 1049 1327 1089 manicae
1352 1051 1389 1088 et
1420 1049 1558 1088 cristae
1584 1049 1786 1097 (mirisque

216 1104 373 1144 sinistri
414 1103 623 1143 dimidium
663 1104 837 1156 teqimen.
901 1104 1091 1144 Thermas
1135 1109 1174 1143 et
1223 1104 1406 1144 balneola
1445 1117 1703 1155 peragramus
1738 1116 1783 1142 ac

215 1159 396 1198 videmus
424 1159 592 1198 tonsoris
621 1160 780 1198 cristam
816 1163 855 1198 et
883 1172 1111 1199 mucronem
1142 1163 1181 1198 et
1205 1160 1350 1210 aliptae
1382 1162 1420 1197 et
1451 1163 1648 1197 cosmetae
1674 1171 1783 1196 cero-

218 1217 334 1261 mata,
365 1214 631 1264 opobalsama,
662 1226 833 1251 amoma.

347 1278 512 1317 Animos
546 1291 592 1318 ac
627 1279 861 1318 vestimenta
896 1279 1099 1317 hominum
1133 1279 1270 1318 eadem
1308 1279 1558 1317 contentione
1591 1278 1781 1328 increpat·

217 1332 388 1370 Maxima
431 1333 644 1371 acerbitate
686 1333 835 1383 respuit
870 1332 1008 1384 Tyrias
1047 1333 1236 1376 lacernas,
1278 1345 1465 1384 purpura,
1509 1332 1781 1383 amethystina,

217 1386 423 1439 conchylia
443 1385 536 1437 Coa,
566 1387 702 1426 laenas
732 1388 921 1436 coccinas,
949 1387 1140 1439 galbinas,
1169 1388 1374 1438 multicias,
1400 1387 1632 1439 panniculos
1671 1387 1781 1425 bom-

217 1442 388 1493 bycinos.
453 1442 663 1481 Praeterea
707 1443 958 1481 nominantur
995 1448 1210 1493 praetexta,
1252 1443 1370 1493 palla,
1414 1443 1596 1493 paenula,
1641 1442 1782 1482 abolla.

218 1496 403 1547 chlamys.
469 1496 598 1547 thue
651 1496 869 1535 Hernicum
925 1497 1114 1535 rusticum
1166 1496 1302 1535 laudat
1353 1497 1513 1547 14.185‚
1551 1508 1663 1545 quem
1701 1507 1783 1534 ‘non

215 1551 335 1601 pudet
367 1551 446 1590 alto
477 1563 551 1600 per
580 1550 738 1602 ylaciem
768 1564 912 1601 perone
948 1551 1036 1603 teqi,
1066 1551 1120 1590 sic
1164 1552 1265 1590 ridet
1294 1551 1534 1598 redimicula,
1565 1555 1781 1601 segmenta,

219 1605 390 1644 monilia.
461 1605 562 1643 Tum
602 1606 629 1643 ii
669 1607 923 1656 castigantur,
968 1619 1066 1657 quos
1120 1619 1301 1657 gemmae
1344 1606 1541 1644 delectant
1582 1605 1781 1651 adamans,

217 1660 349 1711 iaspis,
382 1660 565 1708 berullus,
595 1660 802 1712 sardonyx,
834 1659 967 1699 loculis
1005 1672 1105 1710 quae
1142 1659 1360 1700 custoditur
1395 1659 1566 1699 eburnis.
1628 1660 1781 1701 12.139.

349 1724 517 1764 Parcum
546 1725 692 1764 victum
723 1725 914 1764 maiorum
946 1726 1093 1764 servari
1122 1726 1241 1773 iubet,
1273 1725 1343 1775 qui
1367 1724 1567 1775 ponebant
1593 1755 1600 1762 .
1624 1756 1632 1763 .
1662 1724 1784 1764 Tusco

215 1779 374 1828 farrata
402 1779 554 1819 catinos
573 1780 750 1831 ollasque
771 1780 939 1831 grandes
955 1781 1128 1831 pultibus
1149 1781 1358 1830 fumantes,
1380 1780 1595 1828 holuscula,
1616 1779 1782 1818 lardum.

216 1834 363 1873 Poetae
397 1834 566 1885 denique
606 1835 764 1886 placent
799 1834 976 1886 siliquae,
1013 1848 1240 1886 asparagus,
1272 1848 1382 1879 uvae,
1413 1835 1511 1886 pira,
1547 1834 1662 1883 mala,
1696 1847 1781 1873 ova.

218 1889 465 1939 Aspernatur
502 1901 650 1935 eorum,
685 1889 825 1938 quibus
859 1890 905 1928 in
940 1889 1019 1928 solo
1045 1890 1204 1928 vivendi
1231 1901 1348 1928 causa
1373 1889 1508 1938 palato
1534 1891 1589 1927 est
1622 1890 1782 1935 (ll.11)‚

217 1942 393 1990 obsonia,
413 1943 576 1992 boletos,
598 1944 748 1991 tubera,
769 1956 911 1995 panem
933 1944 1037 1982 molli
1060 1944 1215 1995 siligine
1235 1943 1382 1991 fictum,
1403 1943 1616 1994 placentas,
1637 1947 1782 1981 musta-

217 2010 343 2046 ceum,
372 2010 586 2049 popanum,
616 1998 785 2049 adipata.
843 1997 1016 2037 Clientes
1050 1999 1172 2037 edunt
1206 1998 1311 2049 apud
1346 1998 1545 2036 sordidum
1574 2001 1781 2048 patronum

219 2052 386 2100 caulem,
416 2052 572 2102 fungos,
600 2050 746 2091 solidae
785 2049 866 2090 iam
900 2052 1056 2091 mucida
1092 2052 1223 2102 frusta
1254 2051 1427 2101 farinae.
1485 2050 1680 2090 Causidici
1711 2064 1782 2102 pro

217 2106 399 2145 mercede
442 2105 640 2158 accipiunt
681 2107 827 2146 siccum
867 2108 1168 2158 petasunculum
1202 2112 1270 2146 aut
1303 2106 1453 2146 bulbos.
1516 2106 1683 2145 Ministri
1716 2118 1783 2157 ap-

217 2166 368 2212 ponunt
403 2161 510 2200 cibos
545 2174 590 2200 ac
625 2162 802 2213 potiones
837 2162 1027 2209 lancibus,
1071 2163 1193 2211 urnis,
1222 2162 1396 2210 alveolis,
1426 2161 1581 2213 patinis,
1616 2160 1781 2213 patellis,

216 2215 371 2268 phialis,
402 2216 565 2269 cyathis,
594 2217 823 2265 crateribus,
854 2217 1088 2269 crystallinis
1130 2218 1393 2269 murrinisque
1435 2217 1594 2268 poculis.
1652 2215 1783 2255 Etiam

217 2272 295 2310 alia
323 2273 583 2311 instrumenta
612 2272 662 2311 ad
691 2272 871 2311 convivia
899 2273 1137 2324 pertinentia
1157 2275 1529 2311 commemorantur:
1560 2272 1782 2319 bascaulae,

218 2339 400 2378 mappae,
444 2326 657 2365 manubria
698 2326 939 2366 cultellorum
981 2339 1095 2366 ossea.
1160 2327 1355 2378 Pleraque
1397 2339 1532 2365 eorum
1573 2326 1782 2364 verborum

218 2381 336 2421 homo
378 2380 584 2433 disciplina
618 2381 813 2421 rhetorica
855 2381 1011 2434 penitus
1063 2382 1237 2422 imbutus
1280 2382 1363 2421 sine
1405 2380 1523 2420 dubio
1567 2394 1783 2432 numquam

218 2437 349 2487 eloqui
379 2441 641 2540 aususqesset,
669 2437 814 2487 quippe
835 2438 898 2475 cui
916 2450 965 2475 ne
985 2441 1139 2476 acetum
1160 2438 1319 2488 quidem
1348 2440 1415 2475 aut
1443 2436 1627 2486 spongias
1655 2437 1783 2474 nomi-

218 2503 313 2529 nare
343 2490 490 2530 liceret.

347 2556 516 2595 Maxime
550 2561 682 2595 autem
711 2558 843 2596 vilitas
872 2558 1156 2596 vocabulorum
1194 2561 1232 2596 et
1266 2557 1382 2595 totius
1417 2555 1598 2594 dictionis
1626 2557 1785 2607 squalor

350 2708 382 2747 l)
406 2707 484 2741 Seu.
514 2710 623 2742 contr.
657 2708 728 2742 VII.
758 2718 809 2751 pr.
833 2711 853 2743 3
882 2709 1016 2751 (Quint.
1047 2709 1087 2743 ΙΙ.
1123 2712 1169 2743 10.
1181 2721 1204 2744 9.
1232 2708 1304 2742 XII.
1333 2707 1452 2747 10-40).
1505 2708 1549 2740 cf.
1579 2707 1691 2749 Kroll,
1720 2707 1784 2741 llb.

220 2759 310 2785 neue
333 2751 457 2786 Jahrb.
481 2751 537 2785 XI.
562 2753 634 2786 20⁵.
