1980 3097
209 328 260 369 cf.
283 327 392 366 Stob.
412 327 528 369 4.11s
557 326 622 374 (Η.
646 327 811 375 250.,14)
841 327 1092 379 Σωκράτους·
1124 325 1224 367 Οὔτε
1253 329 1302 366 τὰ
1331 333 1398 366 τοῦ
1427 325 1643 378 Ἀχιλλέως
1670 324 1775 364 ὅπλα

208 389 263 434 τῷ
298 380 467 432 Θερσίτῃ
502 382 590 418 οὔτε
624 383 674 419 τὰ
702 386 772 431 τῆς
804 382 926 433 τύχης
961 383 1099 433 ἀγαθὰ
1132 388 1185 434 τῷ
1222 384 1360 433 ἄφρονι
1399 381 1588 433 ἁρμόττει.
1647 379 1773 432 Epict.

207 437 281 476 III.
313 437 378 474 22.
392 446 423 477 8.
481 434 576 473 Luc.
607 435 694 473 adv.
726 436 804 473 ind.
839 437 874 473 7.
932 435 1060 491 Iidem
1089 441 1340 487 opponuntur
1369 436 1404 474 8.
1423 446 1486 478 269
1503 449 1559 486 sq.

471 509 582 549 Malo
605 513 718 559 pater
746 509 816 549 tibi
842 510 893 550 sit
920 510 1126 562 Thersites,
1154 512 1360 551 dummodo
1389 514 1431 550 tu
1459 511 1513 551 sis

471 564 662 603 Aeacidae
687 563 830 603 similis
864 564 1130 614 Vulcaniaque
1157 577 1269 604 arma·
1297 577 1468 615 capessas

470 630 588 667 quam
618 619 655 656 te
685 617 891 656 Thersitae
917 618 1081 657 similem
1107 619 1295 668 producat
1323 619 1540 668 Achillesst)

337 695 487 735 Eadem
516 695 670 734 ratione
698 694 888 734 fabulae
918 695 1203 746 tragicorum
1233 696 1358 734 ethice
1383 697 1640 747 explicantur,
1670 697 1774 748 quod

210 764 330 803 quam
365 750 554 789 sollemne
588 749 692 800 apud
727 749 982 800 philosophos
1015 749 1145 795 fuerit,
1185 763 1234 787 ex
1267 749 1466 788 Ciceronis
1501 754 1539 788 et
1573 751 1775 789 Plutarchi

209 805 365 857 scriptis
384 803 571 856 perfacile
590 803 842 855 intellegitur.
890 803 1048 847 Quanta
1066 803 1241 855 pericula
1262 802 1574 844 adulescentibus
1593 805 1774 844 formosis

208 861 455 907 immineant,
476 858 793 909 Bellerophontis
814 863 853 896 et
870 858 1076 909 Hippolyti
1096 858 1275 908 exemplo
1296 862 1536 896 monstratur
1558 859 1619 896 10.
1636 870 1700 901 324
1716 873 1773 909 sq.

470 933 544 974 Sed
571 936 674 974 casto
701 933 798 985 quid
824 933 954 984 forma
983 932 1116 974 nocet?
1144 933 1250 983 Quid
1276 932 1431 984 profuit
1457 933 1574 973 immo

470 989 687 1039 Hippolyto
713 1001 831 1039 yrave
856 989 1109 1038 propositum,
1138 989 1235 1037 quid
1262 987 1583 1037 Bellerophonti?

470 1042 647 1082 Erubuit
671 1055 804 1093 nempe
832 1042 923 1082 haec
950 1055 1017 1083 ceu
1042 1042 1224 1093 fastidita
1254 1042 1422 1094 repulsa,

470 1110 537 1138 nec
564 1097 795 1138 Stheneboea
823 1098 959 1138 minus
985 1110 1103 1147 quam
1133 1096 1267 1137 Cressa
1293 1097 1516 1145 excanduit,
1544 1101 1580 1136 et
1605 1110 1643 1136 se

471 1164 688 1192 concussere
716 1152 861 1192 ambae.
920 1151 1070 1192 Mulier
1097 1152 1320 1192 saevissima
1350 1154 1443 1192 tunc
1470 1153 1536 1200 est,

469 1219 555 1247 cum
583 1208 759 1247 stimulos
786 1208 873 1246 odio
897 1207 1030 1257 pudor
1057 1208 1242 1246 admovet.
1301 1207 1349 1246 cf.
1372 1207 1468 1245 Luc.
1490 1207 1539 1245 de
1564 1207 1636 1245 cal.
1659 1209 1723 1247 26.

210 1283 394 1323 Mulieres
423 1296 513 1323 suos
541 1283 686 1322 liberos
715 1284 763 1322 de
793 1283 923 1322 medio
952 1283 1133 1323 tollentes
1152 1283 1316 1322 Medeae
1346 1287 1385 1322 et
1403 1282 1582 1323 Procnae
1602 1282 1779 1322 facinora

212 1339 403 1378 aemulari
435 1339 575 1377 acerbe
604 1339 658 1377 ait
688 1340 723 1376 6.
742 1349 804 1380 643

470 1412 681 1454 Credamus
709 1413 877 1465 tmyicis,
908 1413 1100 1464 quidquid
1127 1414 1172 1454 de
1200 1412 1375 1454 Colchide
1403 1416 1512 1453 torva

470 1468 613 1507 dicitur
640 1471 675 1507 et
701 1468 867 1518 Proque,
896 1468 958 1507 nil
985 1471 1121 1507 contra
1148 1481 1277 1507 conor,
1335 1468 1389 1507 Et
1415 1468 1507 1507 illae

466 1520 640 1575 yrandia
669 1525 844 1562 monstra
871 1522 954 1563 suis
982 1522 1184 1563 audebant
1210 1521 1455 1573 tem1>oribus‚
1483 1523 1548 1563 sed

465 1590 547 1616 non
571 1580 733 1626 propter
759 1590 951 1616 nummos.
1009 1578 1150 1616 Minor
1177 1578 1392 1616 admiratio
1420 1578 1584 1616 summis

471 1630 624 1671 debetur
650 1630 846 1671 monstris.

339 1707 546 1750 Quomodo
559 1708 744 1759 superbia
757 1708 969 1747 mulierum
980 1709 1179 1759 puniatur,
1195 1709 1421 1747 narratione
1430 1709 1582 1747 Niobae
1596 1709 1776 1747 interitus

209 1762 441 1802 ostenditur.
475 1763 509 1801 6.
528 1761 741 1812 172-177.²)
772 1762 973 1813 Feminae,
1002 1776 1104 1814 quae
1135 1764 1297 1802 maritos
1317 1776 1459 1802 necare
1479 1776 1558 1802 non
1577 1767 1775 1812 verentur,

209 1830 299 1856 cum
329 1817 518 1868 Eriphyla
546 1821 585 1856 et
613 1816 898 1869 Clytaemestra
926 1822 1204 1868 comparantur
1232 1819 1269 1856 6.
1287 1828 1350 1860 655
1367 1836 1419 1869 sq.
1460 1817 1611 1856 Orestis
1639 1818 1775 1856 matri-

209 1871 356 1910 cidium
404 1884 494 1910 cum
539 1871 708 1910 Neronis
760 1872 918 1923 flagitiis
972 1885 1049 1910 non
1106 1872 1388 1911 conferendum
1436 1885 1521 1910 esse
1568 1871 1775 1923 exponitur

210 1926 248 1965 8·
266 1935 449 1969 215—220.
489 1922 579 1964 Illa
598 1924 769 1974 nefandi
787 1924 965 1964 Taurica
984 1924 1092 1964 sacri
1121 1924 1329 1964 inventrix
1358 1927 1490 1966 mitior
1518 1930 1577 1966 est
1596 1927 1773 1965 barbaris

210 1981 415 2031 Aegyptiis
449 1981 589 2022 15.116
606 1999 657 2031 sq.

340 2044 485 2084 Omnia
531 2044 799 2097 exemplorum
847 2058 1011 2097 genera,
1064 2059 1166 2098 quae
1213 2046 1254 2085 in
1302 2045 1477 2085 diatribis
1524 2045 1772 2098 popularium

208 2100 531 2150 philosophorum
575 2100 744 2138 maxime
789 2101 935 2138 usitata
982 2100 1147 2149 erant‚3)
1195 2101 1300 2152 apud
1341 2101 1575 2138 Juvenalem
1616 2112 1772 2150 quoque

208 2153 527 2204 frequentissima
562 2158 663 2192 sunt.
725 2155 781 2192 Ac
815 2154 987 2205 primum
1021 2154 1180 2205 quidem
1215 2154 1375 2193 afferam
1410 2154 1585 2192 decimae
1614 2157 1772 2192 saturae

209 2212 250 2246 et
296 2212 458 2247 octavae
506 2208 694 2247 nonnulla
741 2209 953 2261 exempla
1000 2223 1054 2247 ex
1100 2209 1320 2248 memoria
1367 2208 1679 2247 Romanorum
1727 2213 1772 2247 et

209 2262 497 2302 Graecorum
551 2266 723 2315 sumpta,
782 2277 883 2314 quae
935 2263 1125 2315 fugienda
1177 2269 1244 2302 aut
1296 2263 1528 2301 aemulanda
1574 2262 1771 2313 iudicat.⁴)

208 2316 287 2356 Hic
324 2317 571 2370 potissimum
609 2318 812 2358 notissima
849 2331 1028 2370 quaeque
1055 2318 1222 2370 eligit35)
1263 2325 1306 2357 ut
1338 2318 1485 2369 gloriae
1522 2317 1771 2365 Hannibalis,

342 2435 372 2476 l)
398 2436 441 2469 cf.
466 2446 498 2478 p.
523 2437 575 2469 23.

341 2480 374 2519 2)
399 2479 506 2513 Arist.
532 2480 603 2513 eth.
628 2479 667 2513 N.
684 2478 756 2512 Vll.
777 2481 946 2516 1148.³33.

339 2524 374 2561 3)
398 2522 441 2556 cf.
458 2533 490 2565 p.
507 2525 538 2556 8.
562 2525 603 2556 69
620 2532 671 2564 sq.
697 2522 822 2556 Weber
836 2524 981 2563 24—26;
1004 2523 1142 2555 47—49.

339 2566 374 2606 4)
397 2566 439 2600 In
474 2566 641 2599 Varronis
674 2565 777 2599 libris
811 2566 1042 2606 λογιστορικῶν
1082 2565 1281 2598 sententiae
1320 2565 1556 2608 philosophae
1599 2566 1773 2609 exemplis

209 2607 391 2644 historicis
414 2609 670 2644 illuminantur.
703 2608 865 2651 (Teuffel,
890 2608 1014 2643 Gesch.
1039 2608 1073 2643 d.
1096 2619 1123 2643 r.
1141 2608 1201 2642 L.⁵.
1226 2608 1244 2650 ξ
1265 2611 1334 2643 166.
1345 2614 1368 2639 2.
1399 2608 1536 2643 Schanz
1554 2610 1581 2644 Ι.
1604 2610 1623 2651 ξ
1643 2611 1729 2651 185.)

340 2654 375 2694 5)
399 2654 454 2688 Ita
487 2654 623 2688 factum
653 2655 717 2694 est,
752 2654 792 2686 ut
820 2652 981 2686 defuncti
1009 2661 1178 2695 persaepe
1212 2653 1509 2695 impugnarentur
1543 2655 1579 2687 et
1609 2654 1774 2687 homines

211 2694 435 2730 diversorum
451 2698 651 2740 temporum
667 2705 779 2739 aeque
796 2696 1065 2737 castigarentur.
1092 2695 1274 2738 Epictetus
1291 2705 1433 2739 quoque
1448 2697 1595 2731 nomina
1611 2696 1773 2738 Neronis,

209 2736 467 2783 Sardanapalli,
496 2740 773 2784 Agamemnonis
815 2739 1011 2783 coniungit,
1044 2741 1084 2774 ut
1113 2749 1216 2783 reges
1244 2749 1317 2774 non
1346 2739 1469 2775 beatos
1498 2750 1576 2775 esse
1603 2741 1772 2776 declaret.

210 2781 268 2815 111.
293 2784 404 2818 22.·³0.
426 2785 486 2825 (cf.
508 2786 562 2826 27).
619 2784 828 2827 Philosophi
856 2786 892 2818 et
919 2784 1080 2818 rhetores
1109 2785 1146 2818 in
1175 2784 1244 2818 hac
1273 2794 1310 2818 re
1343 2785 1581 2819 consentiunt.
1628 2785 1773 2826 (Hirzel‚
