1980 3097
855 619 1070 679 Vita

292 803 404 837 Natus
439 813 518 836 sum
548 802 786 836 Reinoldus
821 802 1033 835 Schuetze
1063 801 1303 835 Berolinensis
1332 813 1361 843 a.
1392 803 1426 836 d.
1458 803 1515 837 111.
1541 804 1617 837 Kal.
1642 804 1741 838 Mart-

192 869 195 871 *
251 858 564 898 MDGOGLXXX11;
598 857 706 890 fidem
741 857 910 899 profiteor
943 856 1198 897 evangelicam.
1247 856 1430 891 Decimum
1466 867 1599 891 aunum
1634 868 1743 900 agens

298 913 410 945 ·ntavi
431 912 660 954 gymnasium
681 911 917 947 Berolinense,
939 911 1034 952 quod
1055 911 1199 944 nomine
1217 911 1288 944 vici
1305 912 1395 953 regii
1414 915 1568 945 vocatur.
1610 913 1742 946 Novem

294 976 403 1000 -2nnos
435 965 652 999 maturitatis
687 964 893 998 testimonio
926 964 1124 997 instructus
1154 965 1249 998 inter
1277 965 1374 998 cives
1409 966 1632 1000 academicos
1667 967 1743 999 uni-

303 1021 366 1054 tis
389 1030 410 1054 a
434 1020 613 1054 Friderico
637 1019 812 1053 Guilelmo
837 1018 1002 1052 conditae
1023 1021 1186 1061 receptus
1204 1029 1293 1061 sum,
1316 1020 1379 1054 ubi
1396 1022 1470 1054 tres
1486 1029 1598 1054 annos
1615 1021 1744 1054 studiis

184 1076 412 1117 philologieis
451 1077 487 1108 et
526 1075 708 1108 historicis
748 1083 890 1115 operam
930 1074 1024 1107 dedi.
1096 1074 1244 1107 Scholas
1278 1075 1549 1117 frequentabam
1587 1076 1743 1109 virorum

183 1129 470 1163 doctissimorum
497 1129 644 1168 Vahlen,
674 1129 718 1162 de
744 1127 1248 1166 Wilamowitz·Moellendorff,
1273 1129 1380 1165 Diels,
1408 1129 1548 1170 Heinze,
1577 1130 1744 1171 Thomas,

184 1184 382 1225 Rothstein,
418 1184 530 1224 Helm,
564 1184 644 1217 Joh.
675 1183 846 1221 Schmidt,
882 1183 1042 1223 schulze,
1078 1183 1240 1225 Gelduer,
1270 1184 1468 1222 Weinhnld,
1506 1185 1540 1218 E.
1571 1185 1743 1225 Schmidt,

186 1238 370 1280 Roediger,
395 1237 585 1278 Delbriiek,
615 1237 773 1271 Schefl'er
795 1238 988 1281 Boichorst,
1018 1237 1139 1277 Klebs,
1168 1237 1325 1279 Dilthey,
1357 1235 1509 1279 Dessoir,
1534 1238 1742 1278 Vierkandt,

185 1292 321 1326 Kekule
345 1293 389 1327 de
413 1293 624 1334 Stradonitz,
650 1293 763 1326 Graes.
794 1293 950 1334 Perniee‚
981 1292 1138 1334 Breysig.
1183 1292 1251 1326 Per
1279 1292 1349 1326 duo
1379 1295 1566 1327 semestria
1595 1294 1740 1327 interfui

184 1348 301 1387 tertio,
333 1349 403 1380 tria
431 1348 587 1380 secundo
620 1349 735 1380 coetui
766 1346 1014 1388 proseminarii
1043 1346 1262 1388 philologici,
1294 1348 1351 1379 cui
1376 1350 1564 1388 praeerant
1598 1348 1642 1380 de
1672 1348 1741 1380 Wi-

185 1401 648 1435 lamowitz-Moellendorff
684 1403 720 1434 et
761 1402 866 1434 Diels.
935 1401 991 1434 Ad
1036 1401 1226 1434 historicas
1272 1402 1428 1434 tironum
1470 1402 1742 1435 exercitationes

185 1455 312 1488 Struck
335 1457 371 1488 et
393 1454 512 1489 Roloff
532 1465 588 1488 me
612 1456 840 1488 admiserunt.

295 1510 384 1543 Vere
413 1511 497 1543 anni
522 1509 663 1543 MCMllI
694 1510 887 1552 Gryphiam
923 1511 1187 1551 transmigravi,
1222 1511 1285 1543 ubi
1320 1520 1375 1542 me
1411 1520 1473 1552 per
1507 1511 1597 1543 duos
1632 1520 1743 1543 anuos

185 1565 416 1598 instituerunt
453 1565 521 1597 viri
557 1565 753 1598 doctissimi
788 1564 932 1604 Gercke,
966 1564 1078 1606 Kroll,
1113 1564 1388 1605 Radermacher,
1423 1564 1544 1605 Seeck,
1579 1565 1743 1604 Credner,

186 1619 360 1661 Schuppe,
393 1619 559 1652 Rehmke.
612 1618 801 1652 Seminarii
835 1619 1045 1661 philologici
1078 1618 1212 1652 sodalis
1245 1618 1299 1652 fui
1328 1629 1391 1661 per
1419 1620 1473 1652 ter
1502 1628 1563 1653 sex
1593 1629 1741 1652 mense-5.

185 1674 295 1707 Seeck
319 1677 355 1707 et
379 1674 538 1707 Rehmke
569 1674 721 1716 benigne
744 1675 835 1707 mihi
859 1677 1120 1715 concesserunt,
1153 1676 1193 1707 ut
1222 1674 1539 1707 exercitationibus
1563 1674 1742 1707 historicis

185 1731 221 1761 et
249 1729 472 1771 philosophis
501 1730 720 1762 interessem.
770 1729 969 1761 Tentamen
998 1729 1196 1769 rigo'rosum
1228 1728 1378 1761 Gerckio
1408 1728 1543 1761 decano
1574 1738 1603 1760 a.
1628 1728 1660 1760 d.
1688 1728 1741 1760 iv.

186 1783 234 1816 Id.
260 1783 369 1827 Maias
393 1783 427 1816 h.
452 1793 481 1816 a.
507 1784 611 1817 subii.

272 1837 565 1880 praeceptoribus
601 1848 682 1871 cum
714 1838 1003 1871 Beroliuensibus
1036 1839 1114 1870 tum
1138 1837 1421 1879 Gryphiensib-us
1451 1838 1584 1879 optime
1613 1837 1656 1869 ‹le
1687 1847 1741 1869 me

186 1892 323 1924 meritis
348 1892 521 1924 maximas
549 1892 683 1932 gratias
713 1901 779 1933 ago
809 1901 850 1924 ac
874 1892 1082 1924 memoriam
1106 1900 1228 1924 eorum
1263 1900 1401 1932 semper
1436 1891 1559 1923 colam.
1608 1890 1740 1922 Krollio

186 1949 368 1988 praeterea
392 1946 525 1987 gratias
549 1954 627 1986 ago,
652 1945 747 1987 quod
771 1946 807 1978 iu
832 1946 899 1978 hac
915 1945 1170 1978 disseitatione
1186 1945 1432 1987 componenda
1448 1947 1483 1978 et
1499 1945 1595 1986 typis
1612 1945 1741 1976 exscri-

185 2000 301 2034 benda
325 2000 481 2033 consilio
494 2002 533 2036 et
555 2009 662 2042 opera
686 2009 742 2033 nie
764 2000 866 2034 iuvit.
