1980 3097
824 173 1063 213 -103—

166 310 268 350 enim
299 304 569 358 philosophiae
609 316 653 342 ac
683 303 1016 355 philosophorum,
1046 303 1227 355 qualibus
1261 303 1327 342 ille
1361 316 1427 341 eos
1461 301 1529 354 qui
1563 301 1728 340 audiunt

167 366 355 408 hortatur,
384 360 424 397 in
455 359 569 396 huius
599 358 844 396 sermonibus
874 372 951 397 non
972 363 1136 405 exstant,
1167 359 1240 397 nisi
1271 358 1371 396 forte
1402 358 1477 395 huc
1498 356 1622 395 refers
1652 360 1723 394 sat.

166 418 217 457 ΙΙ.
249 418 285 455 3-
299 425 352 456 44.
375 423 449 454 287.
479 422 548 461 100,
578 425 638 463 ep.
674 411 704 449 I.
741 414 850 454 17.17
865 431 916 463 sq.
978 413 1206 464 Eademque
1240 413 1391 451 ratione
1412 424 1449 459 >a
1483 411 1726 462 philosophis

166 471 259 524 ipsis
288 466 429 507 sumini
451 466 720 517 philosophiae
741 466 860 505 duces
889 471 928 505 et
956 468 1102 518 egregii
1125 467 1197 506 viri
1222 467 1461 518 exemplaria
1490 465 1725 504 aemulanda

167 525 448 577 proponuntur.
506 520 555 558 cf.
585 520 678 559 Plut
706 521 805 571 prof.
841 522 930 559 virt.
964 524 1029 560 15:
1057 522 1246 560 τίθεσθαι
1279 523 1355 572 πρὸ
1390 520 1609 571 ὀφθαλμῶν
1637 521 1726 564 τοὺς

167 581 279 623 ὄντας
314 574 492 626 ἀγαθοὺς
521 575 545 625 ἢ
575 575 869 627 γεγενημένους,
899 577 967 614 καὶ
1007 575 1263 622 διανοεῖσθαι,
1300 574 1336 613 τί
1365 573 1451 613 δ’ἂν
1481 573 1649 625 ἔπραξεν
1684 574 1725 611 ἐν

165 632 286 682 τούτῳ
315 628 495 675 Πλάτων,
523 628 559 667 τί
588 628 620 667 δ’
650 631 696 668 ἂν
731 631 836 669 εἶπεν
865 628 1184 682 Ἐπαμεινώνδας
1212 644 1250 668 κ.
1280 643 1313 668 τ.
1344 629 1378 668 λ.
1400 629 1471 680 Ep.
1494 628 1566 667 III.
1589 628 1652 668 23.
1670 639 1724 670 32.

168 686 288 724 Τοῦτο
314 683 529 734 Σωκράτης
558 684 688 731 ἐποίει,
717 691 827 723 τοῦτο
853 684 1002 735 Ζήνων,
1032 691 1142 723 τοῦτο
1168 682 1400 734 Κλεάνθηςζ
1433 684 1557 732 (man.
1586 684 1649 720 33.
1671 683 1726 728 12)

167 740 216 779 ef.
244 738 335 777 Juv.
370 739 428 777 15.
450 749 521 781 171.

560 813 669 861 Quid
697 814 845 853 diceret
873 827 976 865 erqo,

503 867 565 906 vel
583 881 658 919 quo
678 881 758 907 non
777 868 945 919 fuyeret,
974 867 1012 907 si
1037 880 1147 906 nunc
1175 867 1270 906 haee
1298 869 1478 907 monstra
1505 866 1669 916 videret,

504 921 784 974 Pythayoras?

112 1046 114 1049 ¹
167 1001 216 1038 of.
251 1001 403 1047 13.184‚
434 1001 562 1042 2.153.

299 1081 425 1120 Etiam
469 1096 596 1121 sermo
641 1083 812 1134 vulgaris
846 1083 1016 1122 flosculis
1053 1082 1233 1121 oratoriis
1268 1086 1429 1121 ornatus
1464 1086 1503 1120 et
1540 1081 1727 1120 conviciis

167 1137 395 1174 coniunctus
416 1137 464 1174 ad
485 1135 745 1187 Stoicorum¹)
766 1142 804 1176 et
823 1137 1057 1190 Cynicorum
1066 1136 1096 1185 2)
1116 1141 1241 1175 artem
1260 1137 1495 1175 rhetoricam
1517 1149 1579 1175 me
1600 1137 1728 1174 iudice

166 1191 318 1243 optime
347 1192 539 1230 convenit.
589 1192 639 1230 Et
657 1192 843 1244 profecto,
875 1194 907 1231 si
936 1193 1086 1244 effigies
1107 1191 1344 1244 Cynicorum
1365 1192 1608 1243 respicimus,
1629 1205 1727 1243 quas

169 1246 366 1297 Epictetus
377 1250 415 1284 et
429 1246 627 1284 Lucianus
642 1252 872 1297 personatus
884 1246 1198 1298 depinxerunt,3)
1212 1247 1309 1285 tales
1323 1247 1500 1285 homines
1510 1259 1589 1285 non
1600 1247 1726 1284 solum

166 1301 339 1352 priorum
360 1301 427 1339 sed
448 1302 565 1339 etiam
587 1302 844 1350 posteriorum
866 1305 1085 1340 saturarum
1107 1306 1340 1351 argumenta
1358 1306 1468 1339 sexta
1487 1301 1639 1340 decima
1659 1314 1726 1339 ex-

166 1359 280 1405 cepta
309 1355 425 1392 simili
448 1356 562 1393 modo
593 1369 637 1394 ac
660 1360 833 1394 nostrum
854 1368 1059 1406 aggressos
1079 1368 1164 1393 esse
1190 1356 1352 1406 cogitari
1373 1359 1512 1406 potest.
1523 1355 1557 1403 4)
1597 1354 1726 1393 Canes

167 1409 270 1448 enim
281 1409 349 1458 illi,
357 1410 423 1461 qui
432 1423 567 1449 omnes
575 1410 752 1449 homines
761 1410 1007 1459 allatrabant,
1015 1423 1308 1462 nonnumquam
1318 1410 1559 1461 singulorum
1570 1423 1726 1462 quoque

166 1465 254 1502 odio
285 1465 476 1503 ardebant
501 1471 618 1516 atque
644 1466 762 1503 etiam
790 1466 1007 1516 principem
1033 1465 1219 1503 conviciis
1245 1465 1474 1503 obruebant.
1485 1464 1520 1514 ⁵)
1574 1465 1727 1502 Deinde

168 1517 304 1569 Cynici
340 1519 389 1556 ad
424 1521 636 1557 maximam
671 1520 977 1558 obscoenitatem
1013 1519 1199 1557 orationis
1234 1515 1636 1571 progrediebantur,⁰)
1666 1519 1727 1556 cui

167 1573 323 1624 quidem
339 1574 442 1626 apud
456 1575 553 1613 alios
565 1589 721 1626 quoque
733 1579 869 1627 poetas
881 1579 925 1613 ut
937 1574 1155 1613 Martialem
1169 1578 1207 1612 et
1220 1573 1417 1613 Catullum
1431 1575 1683 1613 occurrimus.
1695 1573 1727 1623 7)

168 1628 244 1665 Sed
274 1641 561 1679 supervacuum
592 1634 650 1667 est
679 1642 888 1680 exponere,
917 1628 1250 1680 quamadmodum
1279 1629 1334 1666 illi
1355 1629 1393 1666 in
1415 1641 1462 1666 ea
1481 1640 1524 1667 re
1545 1641 1568 1666 a
1596 1632 1727 1667 nostro

167 1682 361 1722 differant.
406 1683 611 1722 Postremo
628 1683 762 1736 Cynici
785 1684 858 1736 ipsi
875 1688 998 1723 artem
1015 1683 1208 1735 poeticam
1224 1697 1294 1735 pro
1311 1684 1503 1722 illecebris
1518 1683 1728 1731 habebant,

168 1737 309 1787 quibus
338 1738 385 1776 ad
408 1744 618 1790 praecepta
638 1740 835 1777 audienda
853 1738 1107 1786 invitarentss)
1165 1738 1267 1781 Quid
1289 1740 1391 1789 quod
1409 1739 1559 1776 Seneca
1574 1738 1727 1776 Stoicus

168 1796 340 1830 saturam
361 1792 609 1844 Menippeam
630 1806 706 1832 non
729 1794 813 1832 sine
832 1794 913 1832 sale
933 1793 1171 1844 ingenioque
1187 1793 1351 1844 scripsit.
1398 1792 1591 1831 Nimirum
1608 1792 1728 1830 Stoici

169 1850 249 1884 tum
285 1860 308 1885 a
337 1845 494 1898 Cynicis
529 1861 607 1886 una
642 1848 802 1897 tunica,
823 1852 867 1886 ut
900 1848 956 1886 ait
988 1848 1208 1896 Juvenalis,
1244 1848 1453 1896 distabant,
1491 1851 1729 1898 quapropter

167 1900 244 1938 Dio
276 1900 576 1952 chrysostomus
606 1903 656 1940 ab
685 1903 771 1940 aliis
800 1903 839 1940 in
870 1901 1028 1953 Cynicis
1057 1901 1298 1952 philosophis
1327 1902 1376 1940 ab
1405 1902 1491 1940 aliis
1519 1902 1558 1939 in
1589 1901 1727 1939 Stoicis

168 1959 408 1994 numeratur.

299 2117 334 2205 :123
358 2117 533 2199 &gelisam
550 2128 626 2200 lsill.
653 2166 708 2200 Gr.
734 2169 834 2209 68sq.
860 2184 902 2191 —
926 2167 1108 2201 Demonax
1131 2170 1188 2199 καὶ
1210 2167 1315 2209 λέγειν
1338 2168 1461 2209 ἤσκητο
1485 2177 1558 2210 cap.
1582 2169 1612 2201 4.

298 2215 331 2256 3)
356 2215 415 2257 Ep.
442 2215 497 2249 111.
523 2217 580 2257 223
604 2215 714 2259 [Luc]
741 2217 825 2259 Cyn.

298 2265 332 2304 4)
360 2264 515 2298 Laudem
541 2266 689 2299 militiae
714 2267 858 2308 scripsit
881 2266 970 2300 MaX.
984 2267 1114 2308 Tyrius
1137 2268 1178 2299 29
1203 2267 1283 2308 (13),
1308 2266 1539 2309 quiquidem,
1563 2268 1603 2300 ut
1626 2266 1729 2300 decet

168 2310 280 2358 artem
305 2309 560 2359 sophistarum,
583 2310 618 2342 in
645 2310 716 2343 alia
738 2310 897 2343 oratione
914 2311 983 2351 (30)
1008 2310 1260 2352 agricultaram
1287 2311 1434 2344 militiae
1457 2310 1620 2352 praefert.
1635 2329 1674 2334 -
1689 2310 1727 2343 In

169 2352 347 2430 ιιιῖιὶιοιὶιὶὶιιέἓ
365 2355 641 2438 ῗέἑιιιὲιδεὸἑιῗεῖθν
657 2363 778 2387 eorum
797 2354 1008 2396 Cynicorum
1026 2354 1155 2388 similis
1171 2357 1236 2395 est,
1259 2364 1346 2397 quos
1361 2354 1540 2396 Epictetus
1556 2353 1729 2387 describit

168 2485 238 2519 ὴν
274 2444 331 2520 s352
356 2444 451 2520 Slllset'
466 2423 570 2487 Vesp.
589 2446 626 2478 13
643 2445 719 2487 (Ep.
739 2446 764 2479 Ι.
779 2447 830 2479 25.
841 2445 886 2486 22)
900 2446 945 2479 cf.
959 2446 1125 2488 Rei-mys,
1141 2446 1269 2480 Lucian
1288 2455 1320 2479 n.
1332 2446 1389 2479 die
1403 2445 1563 2488 Kyniker
1575 2456 1608 2488 p.
1621 2447 1673 2479 29.
1688 2464 1726 2468 -

242 2513 249 2519 ’
301 2513 339 2576 ω’
357 2513 452 2569 ide'm
477 2537 512 2569 in
538 2537 670 2570 multos
694 2536 832 2571 Stoicos
856 2538 953 2571 cadit
976 2538 1024 2580 (p.
1049 2539 1092 2579 7).

299 2585 333 2624 7)
358 2585 402 2618 Et
431 2584 476 2618 ad
500 2585 711 2618 Juvenalem
736 2588 772 2619 et
800 2586 846 2619 ad
881 2586 963 2619 illos
992 2589 1116 2628 poetas
1151 2587 1303 2621 Senecae
1333 2570 1440 2619 yerba
1469 2586 1647 2628 quadrant
1674 2597 1730 2629 ep.

173 2628 282 2663 114.2;
303 2638 408 2669 ,qenus
431 2628 556 2661 dicendi
578 2629 753 2671 aliquando
775 2629 931 2663 imitatur
954 2630 1099 2671 publicos
1122 2641 1226 2663 mores
1249 2655 1386 2662 .....
1413 2631 1657 2672 Aryumentum
1684 2635 1730 2663 est

167 2668 321 2703 limi-iae
340 2671 487 2712 publicae
508 2672 667 2704 orationis
688 2673 829 2705 lascivia.

298 2721 332 2759 δ’)
359 2720 393 2753 Ε.
420 2720 554 2761 Weber,
578 2722 620 2754 st.
649 2721 738 2763 LipS.
755 2720 796 2754 X.
821 2723 872 2755 91.
901 2723 971 2756 170.
995 2740 1030 2745 —
1051 2721 1219 2756 Satn-icos
1243 2722 1350 2755 etiam
1366 2721 1603 2764 Xenophanes
1619 2722 1729 2764 (sill),

168 2758 268 2795 Plato
292 2763 486 2805 <Euthyd.)‚
511 2765 743 2798 Antisthenes
768 2766 876 2806 (Σαθ.)
901 2775 938 2799 se
963 2766 1144 2807 praebent.
