1980 3097
980 529 1031 576 H.

292 635 429 700 Quid
463 637 727 688 duvenalis
760 638 827 687 de
862 636 1182 700 philosophia
1217 638 1268 686 et
1300 636 1367 685 de
1402 634 1721 698 philosophis

857 712 1159 763 iudicaverit.

357 822 436 862 Sed
463 814 676 876 antequam
704 823 756 863 ad
784 823 939 874 singula
967 827 1227 870 transeamus,
1265 821 1536 871 quaerendum
1565 825 1637 870 est,
1679 820 1792 873 quid

226 881 387 918 noster
420 879 596 918 sentiat
629 879 684 918 de
720 877 1021 930 philosophia
1047 878 1145 928 ipsa.
1203 875 1465 916 Conferamus
1493 876 1613 927 igitur
1639 889 1789 925 versus,

225 931 294 983 qui
312 935 465 972 exstant
483 933 525 972 in
544 937 678 973 satura
696 933 811 972 tertia
830 932 995 980 decima,
1024 932 1092 971 ubi
1110 931 1303 983 sapientia
1321 931 1382 971 his
1403 930 1532 970 verbis
1551 930 1789 969 celebratur:

404 1031 477 1070 187
537 1061 547 1074 .,
577 1059 790 1071 ......
817 1029 995 1080 plu-rima
1021 1030 1121 1080 felix

534 1084 730 1135 paulatim
757 1084 855 1125 vitia
884 1086 1000 1134 atque
1025 1096 1176 1123 errores
1202 1083 1322 1131 acuit,
1353 1095 1483 1123 omnes

536 1139 669 1189 prima
698 1139 800 1177 docet
825 1140 969 1177 rectum
996 1138 1204 1189 sapientia.

356 1236 598 1287 Sapientiam
626 1237 688 1277 hic
723 1237 828 1275 idem
856 1236 1080 1287 significare
1106 1249 1152 1274 ac
1182 1235 1471 1287 philosophiam
1520 1248 1610 1274 cum
1638 1248 1686 1273 ex
1715 1248 1789 1273 usu

224 1288 341 1328 huius
367 1290 478 1340 verbi
507 1291 612 1344 apud
639 1290 849 1342 scriptores
871 1289 1074 1330 Romanos
1102 1294 1186 1329 tum
1214 1303 1263 1329 ex
1292 1289 1615 1329 antecedentibus
1644 1289 1788 1338 verbis,

222 1344 366 1395 quibus
398 1345 606 1384 clementia
633 1344 822 1389 Thaletis,
852 1344 1073 1396 Chrysippi,
1102 1344 1274 1384 Socratis
1307 1344 1570 1396 praedicatur,
1607 1344 1790 1383 omnibus

221 1398 404 1438 elucebit.
461 1398 721 1438 Consentiunt
750 1403 881 1438 autem
923 1398 963 1438 hi
1006 1412 1143 1438 versus
1171 1399 1455 1450 propemodum
1494 1411 1585 1437 cum
1613 1398 1790 1437 Senecae

223 1452 355 1493 verbis
383 1466 444 1504 ep.
476 1453 586 1495 894:
647 1452 758 1503 „Alii
789 1453 965 1492 studium
1006 1452 1118 1492 illam
1160 1453 1319 1492 virtutis
1359 1466 1435 1492 esee
1473 1453 1674 1500 diwerunt,
1716 1452 1791 1491 alii

219 1507 396 1547 studium
437 1507 738 1558 corripendae
779 1506 956 1548 mamis.
1018 1507 1054 1548 A
1095 1507 1328 1556 quibusdam
1371 1507 1473 1548 dicta
1513 1509 1569 1547 est
1607 1507 1791 1557 appetitio

223 1563 345 1601 rectae
384 1561 576 1601 rationis“
609 1561 658 1601 cf.
698 1562 746 1601 fr.
791 1562 852 1600 17.
909 1561 1040 1600 Etiam
1086 1561 1220 1601 multis
1267 1562 1354 1601 aliis
1400 1562 1498 1601 locis
1544 1558 1792 1613 philosophia

220 1616 262 1654 id
306 1617 475 1655 maxime
504 1616 621 1666 effici,
663 1621 708 1657 ut
749 1629 902 1655 errores
943 1629 990 1655 ac
1018 1617 1115 1655 vitia
1157 1616 1348 1658 tollantur
1373 1622 1412 1655 et
1439 1621 1590 1655 rectum
1619 1638 1671 1642 —
1699 1618 1724 1654 i.
1755 1630 1788 1655 e.

221 1671 347 1710 virtus
374 1692 427 1697 —
457 1675 677 1722 appetatur,
725 1671 847 1710 Stoici
886 1671 1041 1719 docent,
1089 1672 1157 1722 qui
1198 1684 1388 1722 persaepe
1434 1675 1596 1723 peccata
1638 1684 1791 1710 errores

222 1728 379 1773 vocant,
439 1725 626 1777 quonia'm
687 1726 884 1768 neminem
946 1726 1021 1764 nisi
1082 1726 1264 1776 ignarum
1300 1773 1304 1776 .
1330 1738 1495 1777 peccare
1556 1727 1788 1765 sentiebant.

223 1779 419 1818 Rectum
462 1784 607 1827 autem,
651 1780 756 1831 quod
798 1780 913 1819 docet
953 1781 1158 1832 sapientia,
1201 1780 1498 1832 κατορθώματα
1541 1785 1644 1830 sunt,
1688 1792 1791 1832 quae

219 1838 476 1886 opponuntur
504 1834 761 1877 erroribus,
792 1848 890 1886 quos
918 1833 1061 1874 Graeci
1089 1832 1232 1874 vocant
1262 1834 1539 1887 ἁμαρτήματα.
1597 1833 1789 1875 Videmus

221 1890 343 1941 igitur
370 1902 448 1928 non
479 1890 605 1928 solum
634 1891 882 1937 sententiam,
912 1890 981 1928 sed
1010 1890 1129 1929 etiam
1150 1903 1264 1929 usum
1284 1891 1495 1929 verborum
1513 1890 1611 1929 nihil
1630 1890 1788 1930 differre

219 1957 248 1982 a
288 1944 495 1995 disciplina
524 1944 668 1983 Stoica.
726 1944 827 1982 Cum
855 1944 996 1982 Stoicis
1038 1946 1194 1997 inpsat.
1242 1945 1292 1982 14
1335 1958 1490 1995 quoque
1534 1946 1787 1984 secundum

222 2002 437 2037 naturam
466 1998 600 2037 vivere
628 1999 754 2039 iubet:
784 2012 819 2037 v.
850 2000 927 2038 321

477 2095 706 2144 Numquam
734 2093 849 2134 aliud
875 2098 1037 2144 natura,
1067 2094 1181 2134 aliud
1206 2095 1402 2146 sapientia
1431 2094 1533 2134 dicit.

354 2192 469 2237 Quod
499 2194 554 2232 illi
583 2206 831 2232 commonere
860 2206 1076 2245 numquam
1105 2193 1383 2242 desinebantl)
1418 2193 1468 2231 cf.
1498 2193 1549 2232 M.
1580 2193 1676 2232 Aur.
1700 2195 1784 2236 5.9:

219 2247 398 2299 μέμνησο
419 2248 475 2294 δὲ,
505 2248 561 2286 ὅτι
590 2247 797 2298 φιλοσοφία
828 2247 926 2299 μόνα
946 2247 1057 2286 θέλει
1088 2248 1113 2286 ἃ
1132 2248 1157 2298 ἡ
1179 2247 1291 2298 φύσις
1321 2260 1391 2286 σου
1421 2246 1578 2298 θέλει.2)
1635 2248 1787 2287 Tamen

221 2314 451 2353 perversum
471 2306 530 2341 est
549 2315 598 2341 ex
616 2302 677 2348 his
697 2302 832 2354 paucis
851 2301 983 2341 verbis
1003 2302 1236 2341 concludere
1254 2301 1280 2341 J
1283 2302 1490 2341 uvenalem
1509 2302 1787 2354 philosophum

222 2369 315 2394 vere
345 2356 520 2395 Stoicum
563 2357 695 2395 fuisse.
753 2357 860 2395 Vitia
901 2356 1052 2407 fugere,
1092 2361 1226 2409 petere
1262 2357 1449 2395 virtutem
1478 2358 1785 2408 uniuscuiusque

222 2413 292 2457 est,
323 2411 391 2460 qui
420 2410 584 2449 honesto
615 2411 745 2450 animo
766 2410 966 2462 praeditus
986 2414 1055 2448 est.
1118 2409 1347 2461 Philosophi
1377 2415 1511 2450 autem
1537 2412 1785 2462 potissimum

218 2463 347 2502 solam
377 2465 610 2516 sapientiam
640 2465 703 2504 vel
723 2466 927 2504 scientiam
947 2478 1078 2503 rerum
1104 2465 1367 2504 humanarum
1388 2466 1691 2517 divinarumque
1712 2467 1785 2505 hoc

354 2614 385 2652 1)
411 2613 524 2647 Zeller
539 2615 597 2648 111.
619 2614 650 2648 1³
665 2615 752 2648 209⁴.
786 2615 825 2649 Iu
841 2615 1006 2648 omnibus
1023 2604 1129 2647 rebus
1145 2616 1312 2648 naturam
1329 2615 1550 2657 sequendam
1566 2625 1644 2650 esse
1661 2613 1785 2657 Cynici

216 2664 368 2741 {32¹²}
387 2657 604 2743 ῗξαξὶιὲθὲἓυῑ.
651 2658 687 2691 Ε.
712 2659 849 2700 Weber,
873 2659 917 2692 de
940 2659 1053 2693 Dione
1089 2657 1169 2692 Chr.
1205 2658 1417 2700 Cynicorum
1453 2661 1638 2693 sectatore.
1684 2659 1782 2693 Stud.

305 2725 313 2732 υ
352 2743 385 2782 2)
410 2726 453 2776 cf.
479 2727 565 2785 7211}
601 2745 680 2779 Seu.
705 2755 758 2788 ep.
781 2747 861 2782 41-7.
907 2745 1030 2788 Chrys.
1048 2744 1153 2779 Stoic.
1173 2745 1240 2778 vet.
1263 2745 1390 2787 fragm.
1408 2745 1455 2779 Ill
1472 2748 1580 2789 5sqq.
1596 2746 1630 2780 d.
1648 2747 1782 2780 Arnim.

1614 2811 1651 2844 1⁴}
