1980 3097
848 128 1088 167 *53-

193 260 435 307 obscuraret,
465 256 595 294 ultam
623 255 813 306 sayittam
840 256 886 296 in
914 257 1036 296 solem
1064 257 1253 297 incidisse
1284 261 1356 297 aut
1384 256 1563 297 dimissis
1592 256 1638 296 in
1657 269 1753 308 pro-

190 313 370 366 fundum
399 309 552 351 catenis
580 309 820 360 Neptunum
839 310 1020 362 potuisse
1046 311 1285 364 contin9i21)
1333 313 1522 353 Interitus
1547 314 1631 353 eius
1650 313 1754 353 iusta

191 382 320 423 poena
347 368 575 407 nominatur
603 366 638 404 d.
661 366 707 404 ir.
734 366 806 405 III.
841 369 954 410 16.4:
983 366 1142 405 Habuit
1169 398 1177 405 .
1206 398 1213 405 .
1242 398 1249 405 .
1278 380 1394 416 quem
1413 366 1551 406 debuit
1573 367 1752 414 exituum·

190 423 320 462 victus
347 423 401 469 ‚et
444 419 522 459 late
564 419 752 469 lonyeque
792 419 913 469 fusus
953 433 999 459 ac
1040 423 1212 459 stratam
1250 420 1396 471 ubique
1431 421 1598 461 ruinam
1633 434 1753 461 suam

189 482 358 517 cernens
392 473 551 512 medius
585 485 754 512 suorum
792 474 988 513 cadavera
1021 474 1194 513 incessit.
1258 477 1306 514 cf.
1337 477 1427 516 Juv.
1462 491 1526 516 vv,
1560 478 1635 516 185
1656 476 1752 528 sq.²)

440 548 521 587 Sed
549 548 682 597 qualis
711 548 860 588 rediit?
900 549 1055 599 Nempe
1084 561 1170 588 una
1198 562 1310 599 nave⁷
1340 550 1518 590 cruentis

439 602 630 651 fluctibus
660 614 705 641 ac
735 603 855 642 tarda
879 615 956 653 per
984 603 1110 643 densa
1138 603 1335 642 cadavera
1358 617 1497 654 prora.

440 658 530 697 Has
559 655 704 696 totiens
735 660 872 708 optata
900 657 1034 709 exegit
1059 657 1191 709 yloria
1214 671 1378 708 poenas.
1411 683 1461 688 —

319 736 500 776 Amentis
548 749 634 775 esse
669 733 799 777 Vitam
841 734 1003 787 longam
1047 740 1202 788 optare,
1250 750 1340 776 cum
1388 741 1569 776 senectus
1611 738 1753 776 multas

190 791 390 831 molestias
419 790 576 839 habeat,
605 791 791 829 discimus
819 804 882 829 vv.
907 792 1132 830 188—208.
1190 791 1406 842 Plerosque
1434 792 1686 843 philosophos
1705 793 1754 830 de

189 849 390 887 senectute
419 858 497 884 non
527 845 666 884 eadem
694 845 863 885 sensisse
891 849 1042 885 certum
1069 849 1128 885 est
1157 858 1324 897 eamque
1343 859 1368 885 a
1387 845 1576 886 Cicerone
1594 847 1635 885 in
1653 846 1754 886 libro

188 901 258 953 qui
290 901 517 938 inscribitur
547 899 644 938 Cato
673 900 836 951 pulchre
870 913 916 938 ac
949 900 1079 951 lepide
1113 900 1318 939 defensam
1352 913 1438 939 esse
1467 902 1554 951 quis
1583 905 1652 948 est,
1688 902 1756 951 qui

189 954 368 1006 ignoret?
425 953 507 992 Nec
535 966 629 992 vero
654 967 800 1005 magna
827 954 925 993 haec
953 954 1219 1006 discrepantia
1246 955 1439 1003 videatur,
1469 956 1502 994 si
1529 958 1755 1006 reputemus

187 1009 297 1049 aliud
324 1021 410 1047 esse
439 1012 680 1047 senectutem
709 1022 835 1060 aequo
865 1009 995 1048 animo
1014 1009 1204 1060 perferre.
1234 1009 1340 1048 aliud
1364 1023 1452 1048 eam
1470 1009 1586 1048 anxie
1606 1013 1754 1061 optare⁷

137 1080 139 1083 ·
186 1064 302 1115 quasi
331 1076 437 1101 mors
465 1063 675 1101 immatura
704 1063 886 1102 ultimum
914 1064 1063 1102 malum
1092 1064 1153 1102 sit.
1210 1063 1427 1115 Propterea
1455 1065 1575 1103 etiam
1605 1064 1755 1103 Seneca

186 1132 213 1157 a
241 1121 374 1156 nostro
404 1130 483 1156 non
512 1118 680 1156 multum
708 1118 888 1157 dissentit
916 1131 975 1169 ep.
998 1119 1063 1167 58,
1079 1129 1120 1161 32
1136 1132 1205 1169 sq.‚
1237 1119 1305 1157 ubi
1329 1118 1489 1170 exponit
1512 1120 1753 1156 senectutem

192 1203 199 1210 .
219 1202 226 1209 .
244 1172 291 1209 ut
309 1183 390 1210 non
407 1203 414 1210 .
435 1202 442 1209 .
462 1204 469 1210 .
487 1169 856 1221 concupiscendam,
878 1170 937 1210 ita
957 1183 1006 1210 ne
1026 1171 1295 1211 recusandam
1314 1171 1537 1222 quidem.3).
1573 1172 1751 1225 Longam

187 1228 310 1264 vitam
329 1240 400 1277 per
420 1240 461 1264 se
480 1240 560 1264 non
580 1227 768 1277 optimam
788 1240 874 1265 esse
894 1227 1128 1265 Plutarchus
1147 1241 1302 1277 person.
1322 1232 1456 1266 censet
1475 1241 1580 1266 cons.
1595 1228 1659 1265 ad.
1675 1229 1750 1278 Ap.

186 1279 369 1318 ’καθόλου
397 1281 474 1331 γὰρ
503 1280 582 1332 χρὴ
619 1281 864 1319 διανοεῖσθαι
892 1281 1021 1319 πάντα
1060 1282 1145 1319 τινὰ
1174 1282 1242 1319 καὶ
1276 1283 1373 1332 πρὸς
1408 1282 1523 1320 αὐτὸν
1559 1282 1627 1319 καὶ
1655 1283 1752 1332 πρὸς

191 1334 310 1374 ἄλλον
354 1333 541 1381 διεξιόντα
578 1336 674 1386 μετὰ
710 1336 896 1386 σπουδῆς,
933 1335 984 1381 ὡς
1017 1337 1090 1387 οὐχ
1124 1335 1144 1374 ὁ
1181 1336 1424 1387 μακρότατος
1464 1336 1542 1388 βίος
1582 1338 1750 1387 ἄριστος,

189 1389 277 1427 ἀλλ’
308 1389 328 1427 ὁ
358 1389 662 1435 σπουδαιότατος
690 1403 727 1427 κ.
749 1403 780 1427 τ.
803 1390 836 1428 λ.
887 1390 1037 1429 Seneca
1071 1403 1131 1441 ep.
1162 1391 1250 1429 101.
1267 1401 1286 1432 8
1315 1388 1433 1427 Nihil
1461 1391 1520 1427 est
1546 1388 1749 1438 miserius,

188 1444 327 1494 inquit,
354 1441 601 1481 dubitatione
621 1442 879 1492 venientium,
901 1455 1073 1492 quorsus
1093 1442 1312 1493 evadant.4)
1348 1442 1560 1490 Quantum
1577 1442 1632 1482 sit
1646 1443 1751 1482 illud

189 1496 295 1544 quod
322 1498 448 1534 restat
476 1499 548 1534 aut
575 1497 703 1544 quale,
735 1499 939 1535 contracta
966 1508 1079 1534 mens
1107 1496 1390 1545 ineaeplicabili
1417 1496 1636 1546 formidine
1672 1497 1749 1547 aqi-

187 1552 312 1589 tatur.
372 1551 419 1590 cf.
450 1551 540 1590 Juv.
572 1565 608 1590 v.
635 1552 708 1591 188

439 1626 508 1665 Da
535 1625 716 1675 spatium
737 1625 860 1675 mitae,
890 1626 1038 1665 multos
1067 1626 1132 1674 da,
1164 1626 1370 1675 Jupfflter,
1403 1639 1542 1676 annos,

437 1680 507 1718 hoc
535 1683 639 1718 recto
668 1679 796 1729 vultu,
826 1680 956 1718 solum
986 1679 1055 1718 hoc
1085 1683 1122 1718 et
1145 1680 1331 1729 pallidus
1361 1683 1486 1730 optas.

317 1757 364 1796 In
393 1757 531 1795 eadem
560 1757 727 1809 epistula
756 1757 908 1796 Seneca
936 1757 1205 1796 Maecenatem
1234 1758 1395 1809 spernit,
1425 1758 1491 1808 qui
1521 1759 1653 1797 omnia
1699 1759 1753 1797 ati

187 1812 355 1860 volebat,
391 1812 604 1851 dummodo
640 1824 758 1863 quam
792 1812 982 1863 plurimos
1016 1825 1140 1851 annos
1169 1813 1336 1851 viveret:
1371 1811 1394 1861 ξ
1429 1813 1476 1850 10
1511 1810 1614 1850 Inde
1647 1811 1753 1850 ilud

187 1864 436 1904 Maecenatis
471 1864 757 1915 turpissimum
783 1868 930 1915 votum,
966 1878 1042 1915 quo
1077 1868 1115 1904 et
1144 1865 1390 1904 debilitatem
1417 1878 1498 1904 non
1525 1869 1687 1905 recusat
1714 1869 1752 1905 et

185 1919 482 1969 deformitatem
502 1923 540 1959 et
559 1919 770 1959 novissime
792 1923 953 1959 acutam
972 1932 1142 1970 crucemy
1169 1920 1381 1959 dummodo
1401 1919 1507 1959 inter
1527 1920 1622 1960 haec
1641 1921 1751 1960 mala

183 1974 359 2024 spiritus
387 1977 630 2025 proroyetur
653 2004 660 2011 .
680 2006 687 2013 .
704 1989 715 2012 ’.
835 1975 898 2013 13.
930 1974 1040 2023 Quid
1076 1978 1159 2014 tam
1191 1975 1310 2024 foeda
1344 1974 1448 2013 vitae
1481 1975 1751 2015 mendicatio?

319 2030 442 2070 Senes
477 2030 673 2070 deformes
706 2031 793 2069 fieri
827 2030 1052 2082 debilesque
1087 2044 1300 2083 eorumque
1330 2031 1480 2069 vultum
1514 2032 1661 2070 nemini
1689 2032 1749 2071 iu-

182 2086 360 2124 cundum
389 2100 475 2124 esse
503 2086 671 2137 legimus
700 2086 805 2136 apud
833 2086 1070 2124 Juvenalem
1099 2100 1161 2124 vv.
1187 2088 1256 2124 191
1275 2100 1332 2136 sq.

439 2191 447 2200 .
467 2191 473 2199 .
494 2191 529 2198 ..
561 2159 796 2210 Deformem
824 2162 862 2198 et
891 2162 1066 2199 taetrum
1096 2163 1187 2199 ante
1218 2159 1351 2199 omnia
1378 2159 1536 2198 vultum

436 2214 749 2264 dissimilemque
778 2214 845 2253 sui
875 2246 882 2253 .
902 2246 909 2252 .
929 2244 936 2251 .
957 2246 964 2253 .

319 2323 350 2363 1)
374 2323 419 2358 cf.
443 2333 474 2355 v.
503 2324 574 2356 182.

316 2366 351 2407 2)
375 2366 553 2400 Lucianus
569 2365 774 2408 Menippum
786 2365 895 2399 Xerxi
910 2366 1144 2400 insultantem
1159 2366 1256 2407 facit,
1274 2375 1379 2408 quem
1393 2365 1542 2400 Graecia
1557 2366 1750 2408 metuebat,

182 2419 269 2444 cum
285 2410 555 2453 Hellespontum
578 2411 686 2453 ponte
709 2410 874 2452 iungeret
897 2412 932 2444 et
955 2420 1019 2453 per
1041 2412 1179 2444 montes
1201 2411 1398 2453 navigaret.
1434 2410 1525 2445 Dial.
1543 2413 1637 2445 mort
1653 2413 1703 2445 20.
1723 2417 1748 2442 2.

185 2454 231 2487 cf.
256 2454 337 2487 Juv.
364 2456 424 2487 175
438 2463 490 2496 sq.
536 2454 654 2487 Affero
679 2454 788 2487 etiam
815 2454 906 2487 alios
934 2454 1042 2495 locos,
1071 2454 1134 2487 ubi
1156 2453 1289 2487 Xerxes
1317 2454 1565 2488 conculcatur:
1595 2455 1665 2488 Cic.
1688 2455 1750 2488 fin.

185 2496 226 2529 II.
254 2499 331 2538 1123
354 2497 434 2531 Seu.
457 2507 491 2530 n.
515 2506 548 2539 q.
572 2496 611 2529 V.
637 2498 742 2538 18.10,
766 2497 863 2531 brev.
887 2507 920 2530 v.
947 2498 996 2534 17.
1014 2502 1040 2537 2,
1063 2497 1143 2530 ben.
1159 2496 1214 2529 VI.
1231 2498 1288 2538 313
1316 2496 1407 2530 Phil.
1432 2497 1477 2531 de
1501 2507 1613 2532 somn.
1636 2498 1679 2531 II.
1700 2500 1748 2531 17.

184 2539 277 2576 Plut.
301 2540 346 2575 de
368 2541 409 2575 ir.
434 2541 512 2575 coh.
537 2541 556 2575 5
563 2553 573 2583 ;
597 2540 663 2575 Dio
682 2539 761 2574 Chr.
777 2540 836 2575 111.
854 2542 894 2575 31
919 2551 953 2584 p.
968 2543 1020 2575 44.
1038 2540 1092 2579 IV.
1107 2541 1149 2575 45
1165 2550 1198 2583 p.
1215 2541 1266 2574 72.
1283 2539 1391 2575 XVII.
1412 2543 1451 2575 14
1467 2552 1499 2584 p.
1517 2543 1581 2576 276
1595 2541 1690 2576 XIII.
1707 2543 1749 2576 24

186 2594 218 2627 p.
243 2587 307 2619 248
329 2585 436 2618 Dind.
482 2585 593 2626 Quam
618 2584 801 2618 sollemnis
823 2586 862 2618 iu
885 2585 1189 2627 disputationibus
1212 2585 1437 2627 philosophis
1459 2586 1492 2619 is
1514 2586 1615 2619 Iocus
1629 2586 1748 2623 fuerit.

179 2627 290 2662 docet
314 2627 426 2670 Epict.
451 2628 513 2661 ΙΙΙ.
537 2628 589 2661 23.
601 2630 644 2665 37,
669 2645 709 2650 -
733 2638 766 2660 v.
792 2627 829 2663 E.
853 2628 988 2667 Weber,
1012 2627 1105 2661 stud.
1130 2627 1223 2670 Lips.
1246 2627 1277 2661 X
1299 2638 1333 2670 p.
1357 2630 1409 2662 94.

316 2673 351 2713 3)
375 2672 419 2750 cit}
444 2671 522 2748 ἓθυ.
547 2672 644 2707 brev.
670 2675 741 2714 l.1;
766 2681 819 2716 ep.
836 2674 887 2707 49.
902 2685 942 2714 ιο,
966 2673 1017 2706 77.
1030 2682 1077 2714 203
1101 2681 1187 2706 rem.
1204 2671 1285 2706 fort.
1302 2676 1333 2706 4.
1380 2672 1450 2708 Cic.
1466 2673 1571 2708 Tusc.
1587 2672 1611 2707 I.
1628 2673 1679 2707 93.
1695 2675 1748 2707 94.

316 2718 352 2756 4)
376 2726 394 2750 c
413 2740 419 2747 -
468 2728 542 2752 .5.¹›s.
