1980 3097
867 156 1118 193 -91—

207 282 493 322 sententiarum
514 294 673 329 nexum,
684 282 713 329 ¹)
730 286 773 320 ut
787 283 919 330 verba,
937 296 1038 333 quae
1055 284 1104 322 de
1118 285 1219 322 tristi
1235 284 1464 322 condicione
1483 283 1776 335 provinciarum

208 337 304 376 facit
334 336 370 376 8.
383 344 544 384 90-126‚
584 348 607 373 a
635 336 776 374 ceteris
817 336 1107 376 hortationibus
1148 338 1264 390 longe
1306 339 1502 377 aberrant.
1559 337 1607 376 In
1641 341 1780 377 satura

210 394 352 442 quarta
391 389 546 428 decima
573 402 762 427 excursus
803 395 862 428 est
899 390 947 428 de
980 390 1223 430 ,Iudaeorum
1263 393 1537 443 superstitione
1572 392 1778 440 96—108,

208 445 276 497 qui
304 444 379 483 hoc
406 443 494 482 loco
529 442 787 482 offensionem
823 443 954 492 habet,
993 457 1081 483 cum
1110 457 1134 483 a
1161 459 1277 484 versu
1306 447 1358 486 86
1394 451 1512 498 poeta
1544 446 1592 485 de
1626 445 1776 485 divitiis

206 500 407 551 disputare
450 497 633 549 coeperit.
713 497 784 536 siu
823 502 954 536 autem
993 498 1287 538 consideramus
1328 500 1353 538 J
1357 501 1562 540 uvenalem
1609 499 1777 540 consilio

205 565 428 592 sermonem
455 551 662 603 vulgarem
703 552 862 600 imitari,
901 551 981 590 iam
1018 552 1116 590 nihil
1150 553 1375 592 offensionis
1402 563 1543 593 versus
1567 556 1773 605 praebent.

204 607 421 659 Postquam
461 605 567 645 euim
607 609 739 657 patres
773 619 797 645 a
830 605 923 645 filiis
953 606 1182 657 profusione
1215 608 1393 658 superari
1426 608 1601 648 Cretonii
1640 622 1775 647 exem-

204 663 269 713 plo
299 661 544 710 monstravit,
574 661 702 699 subito
732 661 769 699 ei
797 661 838 699 in
863 664 1035 699 mentem
1055 662 1164 699 venit
1191 662 1309 700 etiam
1339 663 1612 713 superstitione
1640 668 1776 714 patres

204 729 228 754 a
280 716 371 754 filiis
421 715 636 766 adaequari
681 727 810 766 neque
861 714 1015 754 dubitat
1071 715 1174 753 hanc
1224 716 1458 754 sententiam
1504 717 1773 767 pronuntiare,

204 770 436 822 priusquam
478 770 527 808 de
566 768 712 808 divitiis
750 769 952 817 disputare
989 769 1130 821 pergit.
1201 770 1248 809 In
1291 774 1424 808 satura
1465 771 1580 809 tertia
1619 772 1773 810 decima

202 838 340 863 versus
384 826 486 862 1-4
529 828 802 875 exspectamus
844 827 932 875 post
968 837 1127 863 versum
1175 825 1261 863 175.
1340 824 1417 863 Sed
1458 829 1574 875 poeta
1611 830 1773 877 repente

204 879 422 931 digreditur
450 892 473 917 a
502 879 701 931 proposito
730 883 770 918 et
797 879 1038 918 lamentatur
1058 879 1379 931 depravationem
1404 879 1620 918 hominum.
1677 881 1774 919 Post

202 947 361 973 versum
390 938 574 985 quartum
610 934 820 985 opinamur
853 946 944 972 eum
980 934 1028 972 de
1057 934 1161 972 mala
1190 934 1431 973 conscientia
1459 938 1638 972 acturum
1673 947 1773 984 esse,

203 989 271 1028 sed
291 988 541 1039 recordatur,
571 993 782 1040 antequam
811 988 965 1027 animos
994 989 1247 1028 scelestorum
1277 989 1487 1036 describat,
1521 989 1595 1027 sibi
1624 989 1773 1028 scelera

202 1044 288 1095 ipsa
317 1043 588 1082 enumeranda
616 1054 716 1082 esse.
774 1043 837 1082 Ad
866 1056 956 1082 eum
983 1044 1129 1093 locum,
1159 1057 1277 1094 quem
1305 1044 1416 1082 inicit
1444 1045 1504 1082 15.
1522 1053 1703 1094 138-151‚
1732 1049 1777 1082 ut

201 1098 425 1137 naturalem
464 1098 668 1137 hominum
714 1097 941 1136 societatem
984 1099 1271 1150 Aegyptiorum
1310 1098 1548 1136 immanitati
1587 1103 1773 1149 opponat,

203 1153 352 1204 optime
380 1151 522 1192 Dionis
565 1153 687 1192 verba
729 1153 979 1192 conveniunt.
1027 1152 1113 1191 VII.
1149 1153 1237 1192 128.
1266 1166 1303 1204 p.
1339 1152 1428 1192 137.
1487 1152 1578 1204 Χρὴ
1609 1154 1676 1191 οὑν
1704 1154 1777 1199 τὰς

202 1208 397 1259 ἐκτροπὰς
424 1212 500 1249 τῶν
530 1207 669 1259 λόγων,
701 1209 747 1246 ἂν
777 1208 846 1245 καὶ
876 1207 1030 1259 σφόδρα
1064 1209 1214 1259 μακραὶ
1243 1208 1403 1255 δοκῶσι,
1436 1208 1489 1259 μὴ
1522 1207 1650 1259 μέντοι
1683 1207 1775 1258 περί

199 1275 246 1313 γε
275 1262 434 1313 φαύλων
466 1262 566 1313 μηδὲ
588 1261 755 1308 ἀναξίων
777 1259 936 1314 [λόγων]
968 1262 1069 1313 μηδὲ
1096 1263 1141 1300 οὐ
1166 1262 1464 1313 προσηκόντων,
1492 1262 1545 1314 μὴ
1567 1261 1775 1309 δυσκόλως

200 1316 344 1368 φέρειν,
381 1316 432 1363 ὡς
467 1318 540 1354 οὐκ
575 1316 697 1367 αὐτὴν
727 1315 904 1363 λιπόντος
931 1316 1003 1367 τὴν
1032 1322 1108 1355 τῶν
1137 1316 1238 1355 ὅλων
1268 1316 1459 1355 ὑπόθεσιν
1492 1323 1562 1355 τοῦ
1591 1314 1774 1367 λέγοντος

200 1384 238 1408 κ.
269 1384 302 1409 τ.
333 1371 366 1408 λ.
438 1370 581 1409 Satura
615 1375 726 1409 sexta
761 1383 889 1409 sermo
919 1375 979 1408 est
1013 1371 1121 1409 nullo
1158 1371 1308 1419 ordine,
1346 1371 1455 1409 nullo
1495 1371 1671 1418 consilio,
1702 1371 1772 1409 sed

199 1428 280 1463 tam
318 1424 450 1463 vivido
486 1425 615 1463 colore
650 1425 828 1475 scriptus,
873 1429 916 1463 ut
958 1419 1094 1463 credas
1123 1424 1358 1463 Juvenalem
1402 1425 1529 1463 amico
1572 1425 1773 1476 praesenti

198 1483 449 1530 praesentem
487 1491 695 1530 exponere,
740 1482 836 1530 quot
868 1479 1104 1530 quantisque
1132 1479 1237 1517 vitiis
1280 1478 1452 1517 feminae
1494 1478 1685 1517 laborent.
1720 1500 1768 1505 —

199 1532 329 1573 Etiam
367 1533 476 1581 illud,
520 1533 625 1585 quod
668 1533 965 1572 transitionibus
1007 1546 1149 1585 parum
1184 1530 1349 1585 operam
1388 1529 1508 1584 dat,²)
1553 1533 1678 1585 magis
1722 1533 1771 1572 ad

199 1588 439 1627 cotidianum
468 1600 689 1627 sermonem
718 1592 758 1626 et
786 1587 1044 1627 diatribarum
1075 1588 1207 1627 stilum
1237 1601 1356 1639 quam
1385 1588 1435 1627 ad
1465 1588 1771 1627 declamationes

198 1642 417 1682 rhetoricas
446 1642 657 1681 convenire
686 1641 900 1690 videtur.3)

330 1697 407 1736 Sed
428 1698 560 1736 omnia
579 1697 677 1736 haec
696 1697 961 1749 dispositionis
979 1697 1125 1736 menda
1145 1697 1186 1735 in
1200 1696 1412 1748 Nigrinum
1431 1710 1589 1749 quoque
1610 1697 1768 1746 cadunt,

199 1765 316 1804 quem
350 1752 549 1803 dialogum
583 1752 832 1804 praeclarum
869 1752 1092 1803 exemplum
1121 1751 1315 1790 diatribae
1344 1752 1640 1803 philosophicae
1683 1764 1770 1790 esse

198 1807 294 1846 mihi
323 1807 523 1859 probatur.
532 1806 564 1855 4)
621 1806 698 1845 Hic
731 1810 865 1858 partes
893 1807 1081 1846 orationis
1110 1819 1250 1858 parum
1279 1807 1383 1846 inter
1410 1820 1452 1846 se
1473 1819 1645 1846 conexae
1664 1811 1765 1846 sunt.

196 1861 258 1900 De
287 1862 393 1900 vitiis
422 1865 461 1899 et
479 1861 690 1899 virtutibus
718 1862 758 1899 in
787 1862 916 1899 vicem
936 1861 1174 1912 disputatur:
1209 1861 1270 1909 13,
1289 1863 1350 1899 14.
1386 1862 1448 1909 14,
1467 1863 1515 1900 15
1532 1874 1588 1912 sq.
1620 1862 1683 1908 20,
1701 1863 1765 1898 21.

198 1917 263 1966 25,
277 1917 341 1966 26,
371 1916 436 1965 28,
454 1914 558 1964 29.⁵)
598 1915 692 1955 Sine
712 1915 791 1955 ullo
812 1915 950 1955 ordine
970 1919 1259 1968 componuntur
1278 1915 1389 1955 varia
1407 1915 1516 1964 vitia,
1545 1928 1645 1967 quae
1665 1915 1768 1954 inter

333 2051 364 2092 1>
390 2052 431 2086 H.
455 2053 595 2096 Syd0w‚
624 2054 669 2088 de
697 2054 827 2088 Juven.
854 2056 932 2088 arte
962 2063 1115 2097 compos.
1146 2054 1245 2088 Halis
1270 2056 1363 2088 1890.
1393 2053 1520 2087 Friedl.
1549 2055 1602 2086 49.
1627 2052 1765 2087 Gercke

198 2094 312 2128 Goett.
336 2096 405 2137 gel.
424 2097 510 2131 Anz.
538 2099 619 2131 1896
643 2108 675 2140 p.
694 2099 767 2131 981.
785 2116 827 2120 —·
845 2097 884 2131 ld
902 2108 974 2132 non
995 2107 1136 2140 semper
1146 2098 1268 2140 inopia
1279 2097 1411 2132 indolis
1423 2098 1583 2139 poeticae
1595 2097 1762 2131 effectum

196 2146 275 2171 esse
300 2139 389 2188 mihi
412 2140 567 2178 videtur,
591 2150 673 2174 cum
696 2140 910 2176 Juvenalem
934 2141 1120 2174 materiam
1144 2141 1253 2174 etiam
1280 2142 1376 2174 recte
1399 2140 1588 2182 disponere
1611 2140 1765 2173 scivisse

196 2182 328 2214 satuns
366 2183 520 2225 septima
554 2185 590 2218 et
624 2183 765 2218 decima
798 2183 1075 2218 demonstretur.
1105 2202 1145 2207 —
1176 2184 1393 2226 Philosopho
1422 2183 1663 2225 digressiones
1691 2191 1764 2217 non

198 2225 366 2259 vitandas
390 2235 469 2261 esse
491 2227 559 2261 Dio
582 2227 739 2270 explicat
762 2228 838 2262 VII.
865 2229 1036 2262 128—132
1059 2238 1093 2271 p.
1119 2229 1190 2262 137.

327 2270 360 2309 2)
385 2269 512 2310 Weise‚
551 2271 648 2305 vind.
679 2270 761 2305 Juv.
795 2273 863 2306 los
891 2296 898 2303 .
928 2271 973 2306 cf.
1005 2271 1099 2305 Frdl.
1129 2270 1195 2305 51³.
1246 2270 1429 2305 Interdum
1458 2279 1588 2312 genere
1618 2270 1766 2304 dicendi

195 2311 347 2356 abrupto
367 2314 475 2354 πάθος
499 2314 664 2350 efficitur.
710 2314 836 2357 (Kroll‚
859 2315 925 2351 Ib.
949 2325 983 2350 n.
1007 2315 1088 2351 Jbb.
1116 2317 1208 2350 1903.
1231 2326 1265 2359 p.
1290 2313 1377 2356 23⁴.)

325 2357 359 2398 3)
385 2357 435 2392 Ex
459 2358 559 2393 vitiis
581 2359 829 2402 dispositionis
851 2360 970 2394 elucet
992 2359 1288 2394 consuetudinem
1308 2358 1524 2393 rhetoricam
1547 2367 1570 2392 a
1584 2358 1766 2393 Juvenale

194 2408 462 2444 nonnumquam
490 2402 634 2445 penitus
661 2403 831 2437 amissam
861 2412 950 2438 esse.
997 2403 1170 2438 Rhetores
1197 2403 1292 2437 enim
1322 2401 1493 2436 orationis
1525 2403 1647 2444 partes
1669 2401 1763 2437 bene

194 2445 410 2495 cpmpositas
434 2455 512 2481 esse
536 2446 715 2482 volebant.
770 2447 888 2482 Oratio
908 2458 1025 2482 carens
1045 2448 1104 2482 hac
1125 2447 1246 2482 virtute
1268 2446 1490 2480 mmultuetwr
1519 2456 1644 2481 necem
1664 2449 1715 2481 est
1733 2449 1767 2481 et

192 2498 264 2522 ame
290 2493 411 2523 rectore
429 2490 538 2531 fluitet
558 2501 616 2524 nec
636 2491 804 2525 cohaereat
821 2492 894 2533 eibi,
915 2492 1043 2525 malta
1065 2493 1237 2533 repetat,
1258 2491 1364 2524 multa
1387 2492 1544 2531 vannat,
1567 2491 1656 2524 velut
1673 2493 1767 2524 nocte

192 2532 232 2565 in
252 2532 372 2575 {quotie
393 2533 469 2567 locas
490 2544 615 2570 errans,
637 2544 695 2568 nec
712 2534 781 2576 fine
802 2535 898 2569 initio
919 2545 978 2568 nec
993 2535 1160 2577 proposito
1181 2544 1314 2568 casum
1332 2533 1445 2575 potius
1467 2543 1569 2575 quam
1591 2534 1764 2568 consilium

191 2577 355 2618 sequatur.
402 2575 520 2618 Quint.
545 2576 620 2611 VII.
644 2586 695 2621 pr.
719 2579 750 2612 3.

323 2619 359 2661 4)
384 2620 494 2655 Aliud
523 2623 796 2656 monumentum
825 2622 1004 2657 diatribae
1033 2621 1185 2664 Cynicae
1213 2622 1268 2655 est
1291 2620 1463 2655 Oenomai
1490 2620 1585 2655 liber
1607 2631 1641 2654 π.
1665 2632 1695 2662 γ.
1720 2632 1766 2663 φ.,

192 2662 256 2696 ubi
278 2666 405 2697 auctor
427 2665 572 2707 singula
587 2665 732 2699 oracula
748 2665 967 2708 deorumque
982 2665 1128 2699 fraudes
1144 2664 1291 2698 confuse
1308 2668 1343 2698 et
1364 2665 1541 2707 permixte
1556 2664 1765 2707 perlustrat.

193 2705 387 2747 (Transitio
410 2707 446 2741 in
471 2708 599 2751 fragm.
623 2709 643 2742 2
668 2707 854 2750 (Mullach)
879 2708 1076 2752 comparari
1099 2709 1217 2751 potest
1240 2717 1320 2742 cum
1344 2708 1426 2742 Juv.
1450 2708 1551 2750 341⁴)

324 2752 358 2792 5)
385 2752 427 2786 cf.
451 2752 533 2787 Juv.
559 2751 649 2787 VIII.
672 2754 733 2795 203
756 2754 816 2796 30;
840 2755 899 2796 79;
922 2754 980 2795 873
1004 2754 1079 2787 236.
