1980 3097
875 117 1116 154 —17-

214 247 383 286 remedio
409 247 558 287 sedant.
569 244 602 297 ¹)
633 269 683 273 —
715 247 888 286 Socratis
915 246 1218 298 temperantiam
1248 245 1419 284 efferunt
1455 247 1545 296 post
1578 243 1787 282 Platonem

215 301 339 342 220A
377 305 416 341 et
442 300 546 341 Xen.
576 315 693 341 mem.
719 301 772 340 II.
802 302 836 340 1.
863 301 896 340 Ι.
917 303 989 339 21,
1021 301 1057 339 3.
1069 310 1093 340 5.
1124 302 1196 339 6.2-
1230 299 1311 339 Cic.
1340 299 1457 339 Tusc.
1486 298 1534 337 V.
1569 298 1632 336 97.
1693 298 1784 338 Sen.

216 369 276 408 ep.
302 357 391 396 104.
413 370 465 402 27,
523 357 697 409 Simplex
731 355 955 395 convivium
989 359 1029 394 et
1061 355 1256 394 maiorum
1289 355 1497 406 frugalitas
1532 366 1557 391 a
1590 353 1787 391 Juvenale

214 411 345 462 lepide
378 411 613 452 describitur
648 411 708 449 11.
732 421 773 453 56
789 428 841 461 sq,
871 409 940 459 (cf.
971 409 1208 461 14.17osq.).
1274 409 1419 448 Omnia
1452 409 1551 456 fere,
1586 420 1688 458 quae
1723 407 1787 445 hic

214 468 349 504 noster
375 466 509 506 multis
528 465 658 505 verbis
677 464 841 516 profert,
871 464 1023 503 Seneca
1046 463 1220 503 breviter
1246 467 1440 503 memorat
1466 466 1514 501 tr.
1548 475 1610 501 an.
1646 462 1681 499 1.
1697 467 1717 498 6
1734 474 1786 507 sq.

215 518 349 559 Placet
371 521 489 568 cibus,
518 531 629 569 quem
647 531 716 558 nec
737 520 885 568 parent
905 518 1086 567 familiae
1113 530 1181 557 nec
1211 520 1387 567 spectent,
1416 529 1500 557 non
1529 519 1622 555 ante
1645 515 1787 554 „nultos

216 573 431 623 imperatus
471 573 553 614 dies
593 585 662 613 nec
702 572 915 612 multorum
957 571 1141 611 manibus
1181 572 1445 625 ministratus,
1486 571 1552 612 sed
1591 569 1787 621 parabilis

212 628 429 678 facilisque,
439 629 470 677 2)
500 627 607 667 nihil
627 627 772 666 habens
790 625 964 666 arcessiti
981 626 1236 676 pretiosive,3)
1265 626 1421 666 ubilibet
1448 639 1532 666 non
1561 625 1784 676 defuturus,

214 694 282 722 nee
310 682 557 732 patrimonio
594 693 662 721 nec
693 681 848 731 corpori
879 681 1026 732 mavis,
1068 693 1152 720 non
1193 681 1398 721 rediturus
1438 693 1517 731 qua
1560 680 1783 721 intraverit.

215 735 348 776 Placet
373 736 553 776 minister
581 735 754 775 incultus
786 738 825 773 et
857 735 972 774 rudis
1003 734 1181 781 vernula,
1190 735 1221 783 4)
1257 738 1462 785 argentum
1492 747 1614 785 yrave
1646 734 1786 774 rustici

211 790 342 840 patris
349 789 380 838 5)
399 791 487 830 sine
505 789 588 829 ullo
606 789 766 829 nomine
784 787 998 839 artificis‚⁶)
1025 790 1061 828 et
1077 800 1210 828 mensa
1229 801 1314 829 non
1332 789 1518 829 varietate
1535 788 1783 830 macularum

215 845 423 895 conspicua
450 858 519 885 nec
541 857 615 894 per
642 844 787 883 multas
814 844 1066 883 dominorum
1093 843 1333 894 elegantium
1360 844 1609 883 successiones
1635 844 1785 883 civitati

214 901 326 949 nota,
354 900 419 939 sed
446 899 494 939 in
522 911 637 938 usum
658 898 800 948 posita,
811 897 844 948 7)
872 910 971 948 quae
988 897 1143 938 nullius
1160 898 1342 938 convivae
1361 898 1488 938 oculos
1506 911 1582 938 nec·
1594 898 1785 948 voluptate

214 956 387 994 moretur
428 967 497 994 nec
545 953 728 994 accendat
768 952 946 993 invidia“
995 957 1069 993 etc.
1126 966 1211 1005 cap.
1239 955 1274 993 9.
1296 964 1315 995 2
1362 953 1572 993 Discamus
1603 953 1785 993 membris

166 1013 170 1017 ”
214 1009 363 1049 nostris
382 1009 520 1059 inniti,
540 1008 685 1048 cultum
706 1007 921 1057 victumque
939 1020 1023 1048 non
1042 1008 1095 1047 ad
1113 1020 1215 1047 nova
1235 1008 1418 1058 exempla,
1441 1008 1505 1048 sed
1525 1011 1570 1047 ut
1586 1008 1784 1047 maiorum

214 1075 337 1104 mores
363 1063 571 1112 suadentss)
601 1076 681 1114 eqs.
712 1063 762 1101 cf.
783 1063 874 1101 Juv.
900 1063 960 1100 14.
981 1073 1043 1106 160
1055 1081 1107 1114 sq,
1140 1065 1200 1101 11.
1218 1073 1259 1106 82
1273 1081 1325 1114 sq,

345 1129 494 1168 Iterum
541 1132 659 1179 atque
705 1128 847 1167 iterum
895 1141 1049 1167 summa
1096 1128 1347 1167 mediocritas
1393 1128 1433 1168 iu
1482 1128 1784 1179 supellectile

213 1183 361 1222 utenda
388 1183 665 1234 postulatur⁹):
696 1183 847 1221 Muson.
878 1183 968 1232 περὶ
998 1188 1150 1220 σκευῶν
1180 1195 1241 1233 ap.
1270 1183 1325 1221 St.
1353 1183 1417 1221 85.
1440 1193 1482 1225 20
1520 1183 1588 1230 (M.
1618 1195 1655 1233 p.
1689 1180 1784 1230 147)

215 1237 284 1275 καὶ
315 1237 580 1284 σπουδάζεται
603 1242 727 1275 ταῦτα
748 1236 890 1283 πάντα,
919 1242 986 1274 τοῦ
1017 1237 1086 1287 μὲν
1116 1236 1331 1288 σκίμποδος
1360 1237 1473 1275 οὐδὲν
1501 1236 1631 1275 κακίω
1659 1249 1781 1287 παρε-

213 1290 381 1342 χομένου
415 1291 650 1329 κατάκλισιν
683 1291 776 1341 ἡμῖν
809 1296 880 1340 τῆς
909 1291 1084 1341 ἀργυρᾶς
1110 1320 1119 1328 .
1147 1319 1156 1327 .
1185 1321 1193 1328 .
1222 1321 1230 1328 .
1257 1291 1405 1341 κλίνης,
1439 1297 1509 1341 τῆς
1543 1292 1587 1329 δὲ
1618 1291 1784 1340 σισύρας

216 1345 461 1395 ἱκανωτάτης
488 1347 610 1395 οὔσης
638 1344 934 1395 ὑπεστρῶσθαι,
960 1345 1062 1382 ὥστε
1097 1344 1150 1396 μὴ
1181 1344 1340 1382 δεῖσθαι
1359 1343 1656 1396 πορφυρίδοςῐθ)
1679 1374 1687 1382 .
1711 1373 1718 1380 .
1742 1372 1750 1380 .
1775 1375 1783 1382 .

215 1399 362 1438 ἐσθίειν
379 1398 413 1438 δ’
431 1400 674 1451 ὑπάρχοντος
693 1399 785 1450 ἡμῖν
802 1397 983 1449 ἀβλαβῶς
999 1399 1077 1436 ἀπὸ
1092 1398 1292 1448 τραπέζης
1308 1398 1462 1449 ξυλίνης
1483 1430 1492 1438 .
1511 1429 1519 1436 .
1542 1428 1549 1435 .
1572 1401 1642 1437 καὶ
1661 1399 1783 1437 πίνειν

217 1481 225 1488 .
249 1483 257 1490 .
281 1483 289 1490 .
312 1454 358 1491 ἐκ
388 1453 595 1504 κεραμέων
624 1452 821 1503 ποτηρίων
849 1451 977 1503 παρόν
1006 1465 1043 1489 κ.
1065 1465 1097 1490 τ.
1119 1452 1153 1490 λ.
1166 1451 1214 1499 11)

329 1518 379 1557 Cf·
401 1518 492 1557 JUV·
518 1517 578 1557 ῙῙ·
596 1529 653 1561 96:
708 1568 715 1575 .
740 1567 747 1575 .
769 1539 877 1579 nudo
906 1538 1023 1590 latere
1049 1541 1085 1578 et
1105 1540 1246 1589 parvis
1271 1539 1387 1590 frons
1415 1552 1527 1581 aerea
1557 1540 1672 1581 lectis.

484 1595 560 1630 108
611 1593 813 1642 ponebant
832 1623 840 1631 .
864 1624 872 1631 .
896 1593 1020 1632 Tusco
1045 1593 1204 1642 farrata
1232 1595 1377 1634 catino.

484 1648 559 1685 117
617 1646 705 1686 Illa
733 1647 838 1686 domi
866 1649 983 1687 natas
1009 1649 1219 1698 nostraque
1244 1661 1293 1688 ex
1320 1648 1457 1689 arbore
1484 1662 1637 1690 mensas

619 1704 794 1751 tempora
823 1702 1019 1741 viderunt.

484 1756 560 1793 145
618 1755 787 1795 Plebeios
815 1755 949 1795 calices
976 1758 1015 1795 et
1039 1757 1179 1806 paucis
1206 1757 1356 1797 assibus
1383 1760 1538 1807 emptos.

214 1832 436 1872 cf.Juv.3.
459 1838 530 1877 168,
560 1833 621 1871 10.
639 1837 692 1876 25,
726 1832 855 1870 11.20.

343 1896 422 1936 Eos
461 1911 560 1949 quos
601 1910 679 1936 non
712 1897 835 1948 pudet
868 1897 1115 1948 turpissimas
1154 1900 1411 1939 contumelias
1450 1901 1532 1950 pati
1571 1900 1781 1951 omniaque

212 1952 354 2000 moliri,
391 1956 434 1990 ut
462 1953 512 1990 ad
541 1965 659 1990 cenas
687 1951 854 1989 divitum
882 1952 1109 2000 invitentur,
1147 1954 1352 1992 Juvenalis
1382 1955 1524 1992 acriter
1551 1954 1707 1993 incusat
1739 1955 1781 1993 in

212 2009 346 2045 satura
374 2006 522 2058 quinta.
580 2006 706 2045 Iidem
735 2019 759 2045 a
788 2005 952 2057 Nigrino
989 2019 1035 2046 ac
1073 2007 1225 2048 Seneca
1255 2012 1468 2061 carpuntur
1495 2022 1556 2061 ep.
1584 2010 1681 2053 4-10
1734 2009 1784 2050 Ut

209 2060 358 2110 famem
390 2061 571 2111 sitimque
605 2061 772 2111 depellas
804 2073 888 2100 non
920 2064 976 2100 est
1002 2074 1143 2102 necesse
1170 2064 1345 2113 superbis
1372 2064 1547 2103 adsidere
1576 2064 1781 2103 liminibus

211 2127 279 2155 nec
305 2115 560 2166 supercilium
586 2128 704 2167 qrave
734 2117 770 2154 et
794 2115 1107 2155 contumeliosam
1148 2117 1264 2157 etiam
1305 2117 1590 2158 humanitatem
1615 2118 1779 2170 perpeti.

212 2170 262 2210 cf.
285 2170 378 2210 Juv.
402 2172 438 2210 5.
459 2183 540 2223 lsq‚

407 2246 453 2286 Si
480 2249 513 2286 te
535 2246 728 2297 propositi
756 2246 933 2287 nondum
956 2247 1079 2297 pudet
1105 2250 1219 2298 atque
1246 2249 1375 2288 eadem
1405 2251 1457 2289 est
1489 2262 1608 2299 mens,

407 2304 453 2340 ut
479 2302 580 2341 bona
608 2314 761 2340 summa
784 2304 897 2352 putes
925 2301 1057 2341 aliena
1086 2304 1212 2342 vivere
1241 2304 1409 2353 quadra·
1426 2318 1507 2356 eqs.

346 2443 377 2482 1)
401 2443 445 2476 cf.
463 2443 542 2476 Seu.
560 2452 613 2484 ep.
632 2444 706 2483 108,
718 2452 750 2478 21
765 2461 804 2482 sq.
831 2444 954 2478 110.12.
972 2442 1095 2485 Chrys.
1113 2444 1158 2477 de
1174 2445 1258 2477 Arn.
1276 2444 1382 2479 Stoic.
1399 2447 1469 2479 vet.
1486 2446 1612 2487 fragm.
1629 2445 1688 2478 111.
1706 2445 1778 2478 706.

210 2485 284 2518 Tel.
301 2495 334 2527 p.
352 2488 383 2519 4.
396 2497 425 2525 93
442 2486 495 2519 30.
508 2496 548 2521 10.
576 2485 663 2519 Mus.
680 2495 736 2528 ap.
753 2486 801 2519 St.
823 2487 873 2518 17.
885 2496 917 2520 42
933 2486 946 2520 (
950 2485 989 2519 H.
1005 2496 1038 2529 p.
1055 2487 1128 2520 504.
1149 2488 1187 2528 2.)
1211 2487 1304 2522 Plut.
1322 2488 1367 2523 de
1383 2498 1447 2523 esu
1464 2498 1558 2524 carn.
1577 2488 1668 2524 Phil.
1686 2497 1780 2533 spec.

210 2528 257 2573 lg.
280 2530 300 2564 5
329 2529 378 2573 (p.
401 2529 494 2571 273);
530 2539 640 2565 somn.
664 2530 697 2565 11
721 2532 740 2565 7
765 2529 868 2572 (665).
902 2529 1009 2565 Clem.
1038 2531 1092 2565 Al.
1121 2532 1224 2575 paed.
1246 2534 1287 2568 Il.
1313 2537 1361 2568 11.

339 2576 373 2612 2)
397 2575 441 2607 cf.
466 2577 561 2610 11.εὸ
580 2592 619 2614 sq.
751 2576 786 2614 3)
813 2577 924 2609 11.1³s
936 2592 975 2614 sq.
1106 2577 1140 2615 4)
1169 2579 1228 2610 143
1253 2587 1305 2619 sq.
1427 2579 1462 2617 5)
1490 2580 1538 2610 14.
1553 2587 1610 2613 167.

340 2618 374 2657 6)
401 2620 449 2651 11.
465 2629 509 2653 ιοι
523 2634 564 2657 aq.
686 2617 720 2657 7)
747 2619 784 2650 11
802 2629 848 2653 11⁷
867 2636 908 2659 sq.
1039 2619 1073 2658 8)
1098 2619 1142 2652 cf.
1159 2619 1239 2654 Sen.
1256 2620 1313 2654 ad.
1331 2621 1432 2655 Hclv.
1451 2621 1498 2654 10.
1512 2630 1527 2657 7
1540 2639 1579 2662 sq.

343 2661 376 2702 9)
401 2661 445 2695 cf.
463 2659 673 2703 Wemssand,
696 2660 801 2696 Philo
825 2663 891 2697 etc.
914 2672 948 2705 p.
966 2663 1016 2695 29.
1179 2665 1232 2705 10)
1258 2665 1303 2699 cf.
1329 2668 1377 2699 14.
1397 2676 1444 2700 186
1458 2684 1497 2706 sq.

344 2706 397 2744 11)
422 2706 465 2739 cf.
492 2705 621 2747 [Diog.]
646 2714 699 2747 ep.
721 2707 774 2739 37.
793 2717 808 2739 4
839 2706 918 2740 Seu.
941 2716 995 2748 ep.
1017 2708 1090 2746 5.e‚;
1120 2709 1170 2740 95.
1186 2719 1231 2749 ⁷23
1261 2710 1367 2744 981³.
