1980 3097
892 161 1135 198 -56-

222 295 343 342 protr.
365 292 431 330 49.
462 290 627 342 αἰσχρόν
645 291 727 329 ἐστι
746 293 789 329 τὸ
805 291 953 338 κάλλος
972 290 1079 343 ὕβρει
1096 291 1412 343 μεμαραμμένον.
1444 291 1511 343 Μὴ
1537 290 1795 344 τυραννήσῃς,

221 347 253 383 ὦ
280 345 482 396 ἄνθρωπε,
513 351 581 383 τοῦ
608 345 781 391 κάλλους
807 346 909 396 μηδὲ
940 345 1141 397 ἐνυβρίσῃς
1171 345 1357 384 ἀνθοῦντι
1385 352 1438 397 τῷ
1457 342 1549 397 ’νέῳ
1577 367 1585 375 ·
1619 345 1795 396 τήρησον

222 401 318 438 αὐτὸ
347 399 543 450 καθαρόν,
573 400 637 438 ἵνα
662 400 688 450 ᾖ
710 399 847 438 καλόν.
860 400 889 446 1)
910 399 959 438 cf.
980 400 1002 438 J
1009 412 1071 437 uv.
1093 412 1156 438 vv.
1178 398 1259 439 304
1278 412 1336 451 sq.
1359 421 1408 426 —
1431 400 1607 439 Feminis
1625 400 1796 439 formam

221 454 411 506 perniciei
427 467 512 493 esse
527 454 568 493 in
589 453 813 504 fragmento
833 453 1037 494 Plutarchi
1049 454 1217 505 legimus
1234 467 1295 506 ap.
1320 454 1428 494 Stob.
1450 453 1545 498 664
1565 454 1630 505 (M.
1648 468 1685 506 p.
1702 454 1795 504 406)

223 507 271 546 Ἡ
307 509 351 546 δὲ
385 510 570 559 γυναικὸς
605 508 796 560 εὐμορφία
839 509 998 561 ἀφορμὴ
1033 515 1109 555 τοῖς
1148 508 1300 547 πάθεσι
1339 509 1408 547 καὶ
1447 515 1531 555 ταῖς
1573 509 1796 562 ἐπιθυμίαις

221 563 271 603 cf.
301 563 394 603 Juv.
425 563 652 603 293—295.

351 618 565 668 Reliquum
609 622 680 666 est,
728 622 772 656 ut
815 622 1005 656 saturae
1040 619 1276 669 epilogum
1311 618 1637 668 contemplemur,
1677 632 1794 669 quem

222 672 427 711 sententiis
455 685 550 711 vere
579 671 824 725 philosophis
853 672 1042 712 refertum
1072 685 1157 712 esse
1185 672 1313 724 primo
1348 677 1512 725 aspectu
1540 672 1795 712 manifestum

222 731 291 766 est.
350 727 521 766 Maxime
565 727 741 766 Stoicum
784 728 848 766 hic
891 732 1070 766 nostrum
1112 741 1153 766 se
1188 730 1393 778 praestare
1435 727 1721 766 Friedlaender
1753 729 1793 766 in

219 781 466 833 praefatione
496 781 669 820 breviter
688 783 933 820 monstravit.
944 780 973 831 2)
1004 803 1056 809 —-
1084 781 1137 821 Ut
1156 782 1336 820 homines
1355 781 1416 820 dis
1435 781 1530 833 ipsis
1550 782 1792 833 permittant,

221 850 326 888 quae
368 837 474 876 bona
516 835 747 884 tribuantffi)
778 841 816 876 et
860 837 1043 876 desinant
1085 836 1237 876 inutilia
1279 836 1434 888 precari
1476 836 1721 888 Epictetus4)
1756 842 1794 876 et

220 891 376 930 Marcus
405 891 590 930 Aurelius
626 892 848 930 hortantur:
889 893 949 929 12,
970 903 1007 934 11
1040 890 1205 942 Ἡλίκην
1245 891 1424 938 ἐξουσίαν
1466 892 1547 942 ἔχει
1582 892 1794 942 ἄνθρωπος

221 946 275 997 μὴ
311 951 432 984 ποιεῖν
473 945 582 992 ἄλλο,
613 946 639 996 ἢ
676 945 772 997 ὅπερ
811 945 943 998 μέλλει
980 945 1000 984 ὁ
1033 946 1127 993 θεὸς
1160 946 1342 992 ἐπαινεῖν,
1373 946 1442 984 καὶ
1471 945 1666 997 δέχεσθαι
1699 952 1790 992 πᾶν,

217 1001 241 1038 ὃ
272 1002 318 1038 ἂν
354 1000 452 1051 νέμῃ
485 1002 590 1049 αὐτῷ
626 1000 646 1038 ὁ
676 1000 779 1046 θεός.
843 1000 955 1038 Idem
994 1000 1078 1038 fere
1112 1001 1230 1039 sentit
1265 1001 1445 1039 Socrates
1481 1000 1586 1051 apud
1656 1000 1792 1039 Xeno-

219 1053 451 1105 phontem5)
482 1058 520 1092 et
555 1053 760 1092 Platonem
798 1053 1107 1106 personatum.⁶)
1166 1054 1379 1093 Praeterea
1413 1054 1597 1105 egregiae
1631 1053 1792 1094 Eusebii

219 1122 357 1159 preces
378 1109 545 1147 traditae
565 1112 656 1146 sunt
680 1109 721 1146 in
741 1109 825 1147 flor.
849 1109 957 1147 Stob.
990 1109 1022 1145 1.
1044 1119 1104 1151 103
1131 1109 1197 1156 (H.
1220 1122 1256 1159 p.
1276 1109 1357 1156 52),
1380 1122 1481 1159 quae
1506 1121 1629 1159 prope
1650 1109 1793 1147 absunt

213 1175 242 1200 a
271 1162 403 1201 verbis
430 1162 716 1200 Juvenalianis.

351 1216 463 1260 Quae
516 1217 723 1255 Juvenalis
777 1217 825 1255 de
878 1217 1043 1255 deorum
1091 1229 1185 1268 erga
1238 1217 1418 1255 homines
1465 1217 1640 1255 bonitate
1687 1217 1791 1255 dicat

219 1270 274 1320 (v.
297 1271 376 1310 349
398 1270 489 1322 sq.),
520 1271 625 1310 infra
654 1270 851 1322 copiosius
889 1271 1109 1323 disputabo.
1147 1293 1196 1298 -
1233 1270 1426 1309 Homines
1456 1275 1499 1309 ut
1533 1275 1710 1320 caveant,
1740 1285 1790 1310 ne

218 1326 446 1378 coniugium
475 1326 786 1378 progeniemque
816 1339 839 1365 a
868 1325 929 1365 dis
963 1330 1111 1378 petant,
1147 1339 1237 1365 cum
1266 1327 1455 1375 nesciant,
1492 1339 1542 1365 an
1572 1326 1669 1365 haec
1698 1330 1788 1366 vota

218 1381 458 1431 aegritudini
487 1382 576 1429 sint,
606 1394 686 1419 non
715 1382 832 1419 modo
862 1381 1068 1419 Juvenalis
1097 1380 1198 1430 (350
1217 1380 1308 1431 sq),
1339 1381 1407 1419 sed
1437 1381 1556 1419 etiam
1577 1380 1728 1419 Seneca
1748 1384 1790 1419 et,

217 1439 355 1475 auctor
370 1435 588 1475 Alcibiadis
603 1436 765 1474 alterius
781 1435 1159 1475 commonefaciunt:
1182 1436 1255 1474 142
1265 1434 1310 1474 Β.
1341 1434 1536 1487 Εὑρήσεις
1552 1435 1595 1473 δὲ
1616 1436 1790 1487 καὶπερὶ

217 1490 366 1529 τέκνων
400 1493 466 1529 τὸν
504 1492 620 1529 αὐτὸν
655 1490 798 1541 τρόπον
835 1490 1069 1542 εὐξαμένους
1102 1491 1207 1535 τινὰς
1241 1490 1320 1540 ἤδη
1362 1490 1554 1541 γενέσθαι
1582 1490 1651 1527 καὶ
1678 1503 1789 1541 γενο-

220 1544 345 1596 μένων
376 1545 429 1591 εἰς
459 1544 657 1596 ξυμφορὰς
685 1557 728 1582 τε
756 1545 825 1583 καὶ
854 1544 980 1591 λύπας
998 1546 1068 1591 τὰς
1094 1544 1279 1595 μεγίστας
1303 1544 1583 1590 καταστάντες.
1615 1565 1665 1570 -—
1696 1544 1785 1583 Sen.

214 1600 307 1638 ben.
338 1598 411 1637 III.
447 1601 507 1647 11,
526 1611 539 1641 1
571 1597 625 1636 Ivi
647 1596 783 1636 liberis
804 1596 991 1636 tollendis
1011 1597 1116 1635 nihil
1144 1596 1309 1635 iudiciis
1330 1595 1557 1636 tollentium
1577 1595 1686 1635 licet:
1706 1600 1788 1636 tota

219 1665 282 1691 res
311 1651 392 1691 voti
421 1654 490 1691 est.
551 1653 679 1705 Saepe
708 1667 780 1692 nos
809 1654 1005 1705 ignorare,
1036 1666 1086 1692 an
1127 1652 1287 1704 nuptiae
1323 1656 1364 1691 et
1392 1653 1507 1691 liberi
1541 1652 1654 1692 nobis
1684 1654 1787 1692 cala-

218 1708 345 1747 mitati
375 1708 467 1757 sint,
498 1708 602 1747 idem
632 1708 768 1747 scribit
798 1721 857 1759 ep.
890 1710 954 1747 59.
968 1720 1000 1750 2.
1032 1708 1081 1746 cf.
1113 1708 1162 1746 ad
1200 1707 1320 1746 Marc.
1361 1709 1421 1746 10.
1440 1720 1468 1750 1·
1500 1729 1550 1733 ——
1581 1707 1652 1746 Dis
1682 1721 1785 1747 esse:

481 1785 634 1830 notum,
666 1782 737 1831 qui
760 1782 885 1832 pueri
915 1782 1124 1831 qualisque.
1153 1782 1299 1831 futura
1327 1781 1382 1820 sz't
1410 1794 1517 1820 uxor

212 1858 325 1909 (353)
371 1860 581 1911 exponitur
618 1860 707 1899 ben.
745 1860 813 1899 IV.
836 1860 952 1902 321:
985 1892 991 1898 .
1026 1890 1033 1897 .
1067 1891 1074 1898 .
1106 1890 1113 1897 .
1145 1857 1254 1897 Nota
1294 1857 1403 1897 enim
1443 1857 1526 1897 illis
1567 1861 1626 1897 est
1655 1858 1786 1908 operis

215 1912 283 1951 sui
311 1913 435 1951 series
456 1913 714 1962 omniumque
735 1912 820 1952 illis
848 1926 987 1951 rerum
1006 1925 1103 1952 suas
1119 1925 1196 1962 per
1215 1924 1364 1951 manus
1388 1911 1597 1950 iturarum
1616 1911 1785 1952 scientia

215 1967 260 2005 in
305 1970 442 2017 aperto
485 1979 643 2017 semper
686 1971 755 2017 est,
799 1967 913 2007 nobis
956 1980 1007 2006 ex
1048 1967 1181 2007 abdito
1214 1966 1324 2006 subit
1357 1969 1396 2005 et
1434 1979 1536 2015 quae
1572 1967 1785 2017 repentina

209 2024 421 2071 putamus,
458 2021 543 2061 illis
577 2021 745 2072 provisa
784 2021 952 2061 veniunt
988 2034 1033 2061 ac
1066 2021 1350 2071 familiarius)
1405 2022 1454 2061 cf.
1486 2021 1603 2074 Diog.
1639 2036 1701 2075 ap.
1732 2022 1782 2062 D.

215 2077 259 2116 L.
293 2078 360 2116 VI.
383 2078 446 2117 63.
505 2077 624 2117 Prole
654 2092 788 2117 carere
818 2092 896 2117 non
934 2079 1144 2117 molestum
1178 2091 1263 2117 esse
1299 2077 1533 2116 Plutarchus
1569 2082 1702 2117 censet
1735 2079 1784 2117 de

213 2137 341 2184 tranq.
374 2145 436 2171 an.
470 2134 505 2171 6.
517 2132 550 2182 8)

346 2186 560 2226 Notissima
591 2187 689 2226 haec
719 2192 778 2226 est
807 2187 1017 2227 sententia:
1048 2201 1084 2226 v.
1107 2188 1203 2226 356:

380 2260 595 2301 orandum
624 2265 693 2312 est,
725 2265 770 2301 ut
797 2262 851 2301 sit
878 2275 1008 2301 mens
1042 2274 1163 2301 sana
1192 2261 1242 2301 in
1270 2274 1468 2312 corpore
1498 2274 1624 2301 sano.

212 2339 330 2382 Quod
363 2343 618 2391 praeceptum
655 2340 749 2391 quin
790 2340 1023 2392 sapientiam
1059 2340 1092 2378 si
1127 2352 1205 2378 non
1239 2352 1331 2378 vere
1367 2339 1541 2378 Stoicam
1576 2342 1616 2377 at
1648 2343 1781 2378 tamen

215 2394 446 2445 popularem
467 2395 668 2446 quandam
688 2399 856 2442 resonet,
878 2407 994 2433 nemo
1016 2394 1220 2433 dubitabit.
1271 2394 1423 2432 Stoicos
1444 2397 1576 2432 autem
1595 2393 1780 2432 virtutem

215 2449 367 2487 ratione
402 2449 689 2502 assequendam
733 2462 819 2487 esse
861 2449 917 2488 ita
959 2449 1034 2488 sibi
1075 2449 1330 2501 persuasisse,
1371 2452 1415 2487 ut
1454 2447 1552 2487 nihil
1585 2448 1668 2487 fere
1702 2448 1780 2487 dis-

211 2503 389 2542 criminis
416 2508 609 2555 ponerent
636 2505 740 2543 inter
767 2504 868 2543 hanc
898 2508 937 2543 et
964 2504 1086 2553 illam,
1116 2505 1219 2543 inter
1247 2517 1384 2543 omnes
1405 2506 1570 2543 constat.
1607 2503 1655 2543 cf.
1688 2503 1777 2543 Sen.

349 2624 379 2663 l)
404 2623 447 2655 cf.
471 2632 549 2664 pag.
574 2624 626 2656 50.
666 2623 732 2656 Dio
758 2622 837 2656 Chr.
862 2625 960 2656 78.ae
982 2634 1016 2665 p.
1032 2624 1104 2656 282.
1195 2623 1228 2663 2)
1253 2633 1286 2664 p.
1310 2623 1363 2656 39.
1453 2622 1486 2662 3)
1511 2621 1555 2655 cf.
1581 2632 1612 2654 v.
1630 2623 1704 2655 347.

344 2667 379 2705 4)
404 2666 447 2699 cf.
472 2666 511 2699 D.
536 2666 579 2699 ΙΙ.
601 2668 649 2706 16,
665 2670 798 2702 28,42‚46
811 2675 862 2708 sq.
887 2667 996 2707 (man.
1013 2667 1058 2706 8).
1147 2666 1181 2706 5)
1207 2675 1309 2699 mem.
1336 2666 1360 2698 I.
1378 2666 1408 2698 3.
1422 2670 1446 2696 2.

344 2710 379 2748 6)
407 2710 510 2742 143A
534 2709 578 2742 cf.
605 2709 714 2743 1480.

346 2754 380 2792 7)
406 2753 450 2786 ct.
474 2752 518 2785 ad
544 2752 648 2786 Marc.
663 2755 756 2793 l7.6;
781 2754 865 2785 223.
1026 2753 1059 2793 8)
1084 2752 1128 2786 cf.
1153 2752 1232 2786 Sen.
1257 2762 1342 2785 rem.
1363 2753 1412 2784 13.
