1980 3097
868 141 1110 179 ,20-

203 270 442 309 describunt.
502 270 551 308 ef.
574 283 633 321 ep.
660 271 749 308 114.
767 281 820 312 25.
878 270 1043 319 Adspice
1073 269 1230 310 culinas
1257 273 1414 310 nostras
1447 274 1485 310 et
1510 273 1783 312 concursantes

202 323 307 364 inter
335 326 389 363 tot
414 324 522 375 iynes
549 337 685 374 coquos
712 325 876 364 nostros.
907 324 987 376 (ep.
1021 325 1082 363 78.
1100 324 1171 371 22).
1229 324 1321 364 Juv.
1353 325 1390 364 3.
1408 335 1484 369 250.

428 400 591 440 Centum
618 399 814 451 convivae,
841 401 1019 450 sequitur
1044 412 1119 440 sua
1147 413 1337 451 quemque
1365 400 1515 441 culina.

429 453 595 495 Corbulo
622 455 690 494 via:
716 454 835 505 ferret
862 457 917 494 tot
943 467 1038 495 vasa
1066 455 1263 508 inqentia,
1287 457 1341 495 tot
1367 468 1428 495 res

430 510 630 559 impositas
657 510 790 558 capiti,
820 522 919 558 quae
945 513 1045 549 recto
1071 511 1206 549 vertice
1229 512 1368 559 portat

430 563 608 603 servulus
635 562 779 613 infelix
806 566 843 603 et
868 576 988 603 cursu
1016 563 1178 603 ventilat
1205 563 1347 615 iynem.

336 639 400 677 De
443 639 698 678 affluentia
740 640 950 678 ciborum
990 640 1501 690 conquisitissimorum
1533 638 1785 677 Juvenalis

203 691 436 744 indignatur
468 693 502 732 1.
519 704 561 736 94
591 691 660 743 (cf.
691 706 729 745 p.
762 693 849 743 17);
894 694 930 733 5.
949 704 1002 742 11,
1037 703 1100 737 120
1128 707 1183 746 sq.
1220 694 1315 737 14.7
1346 706 1403 746 sq.
1460 692 1573 733 Idem
1606 692 1784 732 invenies

205 748 311 800 apud
341 747 534 788 Senecam
545 747 574 797 1)
613 753 651 788 et
679 748 890 787 Philonem
918 748 1126 797 Iudaeum,
1166 750 1234 799 qui
1276 762 1366 788 cum
1406 753 1539 787 nostro
1569 749 1713 787 mirum
1742 748 1785 786 in

203 802 367 841 modum
387 802 636 854 conspirat.²)
679 803 743 841 Ad
758 802 850 841 Juv.
871 807 932 841 sat
954 806 988 841 1.
1002 813 1043 846 94
1064 804 1164 842 bene
1184 804 1283 842 haec
1303 802 1517 854 quadrant:
1538 803 1606 841 vit.
1623 806 1724 841 cont.
1745 802 1782 841 6.

207 854 334 896 Ἑπτὰ
376 863 471 909 γοῦν
511 858 580 897 καὶ
615 857 771 905 πλείους
814 858 1103 910 εἰσκομίζονται
1143 857 1350 910 τράπεζαι,
1393 856 1556 909 πλήρεις
1600 857 1785 896 ἁπάντων

205 913 283 950 ὅσα
311 917 364 962 γῆ
392 926 435 950 τε
464 914 534 950 καὶ
563 913 747 950 θάλαττα
775 914 845 950 καὶ
873 914 1041 964 ποταμοὶ
1061 914 1130 950 καὶ
1151 913 1229 963 ἀὴρ
1251 912 1448 963 φέρουσιν,
1478 912 1626 963 ἔκλογα
1655 911 1786 950 πάντα

205 966 276 1004 καὶ
305 967 499 1018 εὔσαρκα,
540 966 751 1018 χερσαίων,
783 966 968 1018 ἐνύδρων,
1008 966 1249 1018 ἀεροπόρων,
1280 967 1333 1005 ὧν
1363 966 1515 1017 ἑκάστη
1552 965 1786 1005 διαλλάσσει

205 1021 276 1059 καὶ
304 1026 388 1068 ταῖς
416 1027 692 1072 παρασκευαῖς
720 1022 790 1060 καὶ
818 1027 902 1068 ταῖς
930 1021 1274 1072 παραρτύσεσιν.3)
1333 1020 1524 1060 Conferas
1556 1021 1678 1060 velim
1714 1021 1786 1059 hos

203 1087 361 1114 versus:

235 1152 272 1190 5.
290 1162 343 1193 94·
401 1150 456 1189 Et
483 1150 565 1190 iam
595 1150 729 1201 defecit
757 1152 937 1190 nostrum
965 1163 1085 1201 mare,
1115 1151 1209 1190 dum
1235 1150 1334 1202 qula
1361 1151 1482 1190 saevit

403 1205 548 1244 retibus
576 1205 749 1245 assiduis
771 1206 934 1254 penitus
960 1208 1159 1245 scrutante
1186 1205 1342 1245 macello

357 1301 363 1309 ,
402 1259 600 1309 proxima,
629 1272 698 1300 nec
723 1259 904 1311 patimur
933 1259 1195 1311 Tyrrhenum
1221 1272 1378 1299 crescere
1402 1259 1556 1309 piscem.
1587 1263 1660 1298 etc.

209 1313 272 1351 11.
292 1325 342 1356 14.
401 1313 560 1353 Interea
586 1316 727 1366 qustus
753 1313 938 1354 elementa
963 1327 1035 1364 per
1063 1314 1198 1354 omnia
1226 1315 1425 1363 quaerunt
1453 1327 1533 1364 eqs.

338 1389 451 1428 Idem
488 1389 572 1428 fere
609 1389 775 1441 praebet
818 1389 971 1428 Seneca
1008 1403 1069 1441 ep.
1109 1390 1172 1428 89.
1191 1399 1251 1431 22:
1303 1401 1472 1439 qnorum
1505 1389 1712 1440 profunda
1749 1391 1788 1428 et

208 1443 453 1483 insatiabilis
478 1443 576 1495 qula
601 1443 695 1484 hinc
719 1445 852 1483 maria
866 1446 1077 1493 scrutatur,
1109 1444 1203 1483 hinc
1217 1446 1352 1483 terras.
1370 1456 1430 1495 ep.
1454 1444 1517 1482 95.
1535 1454 1574 1485 14
1605 1443 1784 1493 luxuria,

207 1500 405 1537 terrarum
445 1498 644 1548 marisque
691 1499 897 1538 vastatrix.
953 1499 1032 1537 Hic
1072 1511 1174 1537 unus
1213 1502 1272 1537 est
1306 1511 1355 1537 ex
1392 1498 1489 1536 locis
1535 1498 1786 1550 popularium

206 1552 532 1604 philosophorum
561 1554 850 1603 communibus,
891 1554 958 1604 qui
994 1554 1167 1605 undique
1195 1554 1434 1604 vituperant,
1474 1552 1579 1603 quod
1607 1553 1787 1592 homines

206 1608 394 1646 vescendi
423 1621 544 1647 causa
572 1612 707 1647 aerem
736 1611 775 1646 et
803 1609 937 1647 omnia
964 1608 1092 1647 maria
1119 1612 1324 1659 terrasque
1351 1605 1631 1659 perquirant.4)

338 1662 422 1700 Nec
479 1666 612 1701 tamen
667 1662 917 1709 Juvenalem,
983 1663 1221 1714 ubicumque
1285 1661 1522 1713 elegantiam
1580 1662 1787 1713 epularum

207 1716 437 1765 insectatur,
481 1730 502 1755 e
533 1716 697 1755 Graecis
740 1721 810 1756 aut
848 1716 1041 1756 Romanis
1082 1716 1327 1768 philosophis
1355 1716 1530 1768 pendere
1572 1716 1788 1755 verisimile

208 1774 280 1818 est,
326 1784 416 1809 eum
458 1771 584 1809 multa
625 1772 709 1822 ipse
738 1772 874 1810 videre
918 1775 957 1809 et
1000 1771 1137 1810 audire
1179 1775 1323 1822 posset,
1373 1771 1498 1809 multa
1540 1783 1696 1809 sumere
1740 1783 1788 1808 ex

207 1822 417 1874 Horati0⁶)
448 1829 487 1864 et
515 1838 649 1864 rerum
678 1826 946 1877 scriptoribus.
1004 1825 1135 1865 Etiam
1166 1825 1386 1864 Varronem
1415 1826 1456 1864 in
1486 1828 1631 1874 satura,
1668 1838 1787 1876 quam

208 1880 300 1930 περὶ
330 1880 559 1930 ἐδεσμάτων
602 1881 814 1931 inscripsit,
857 1881 1068 1932 peregrina
1111 1881 1288 1918 ciborum
1332 1892 1480 1930 genera
1522 1879 1702 1917 similiter
1741 1891 1787 1917 ao

208 1933 448 1972 Juvenalem
476 1934 517 1972 in
548 1938 636 1973 satt.
677 1936 701 1972 5
732 1938 771 1972 et
804 1936 844 1972 ll
882 1934 1184 1986 reprehendisse
1213 1947 1235 1973 e
1263 1935 1349 1973 loco
1380 1946 1403 1972 a
1432 1932 1561 1973 Gellio
1591 1933 1788 1985 exscripto

209 1987 487 2040 accepimus.⁶)
546 1989 625 2029 Sed
655 1989 798 2040 quibus
828 2003 875 2028 ex
910 1989 1086 2029 fontibus
1123 1990 1299 2029 hauserit
1337 1989 1529 2040 indagare
1579 2001 1668 2027 mea
1708 2001 1788 2027 non

208 2046 290 2081 tam
310 2045 475 2082 interest
494 2057 614 2094 quam
636 2048 856 2082 monstrare
876 2048 1054 2083 nostrum
1075 2045 1214 2083 eadem
1233 2057 1279 2082 ao
1301 2043 1557 2095 philosophos
1576 2042 1789 2094 populares

209 2097 414 2137 disserere.
450 2098 698 2150 Principales
715 2102 848 2138 autem
868 2098 997 2137 fontes
1012 2111 1169 2150 semper
1184 2099 1289 2150 apud
1304 2096 1479 2137 Graecos
1495 2111 1540 2137 ac
1554 2098 1788 2149 plerumque

209 2153 316 2203 apud
337 2165 473 2191 eorum
493 2153 724 2204 philosphos
748 2153 964 2204 quaerendi
984 2158 1086 2192 sunt.
1144 2153 1256 2197 Quae
1276 2154 1316 2191 in
1336 2152 1515 2191 diatribis
1535 2151 1789 2203 disputabant

208 2206 446 2258 philosophi,
473 2220 521 2245 ea
541 2207 881 2254 satiriciRomani
900 2208 1081 2246 versibus
1105 2207 1371 2246 includebant.
1429 2206 1561 2256 thue
1580 2205 1789 2244 Lucretius

210 2260 371 2311 Epicuri
400 2261 588 2311 dogmata
606 2262 762 2308 poetica
790 2262 968 2300 oratione
998 2262 1177 2311 docebat,
1206 2262 1262 2299 ita
1282 2259 1310 2299 J
1314 2260 1492 2299 uvenalis
1517 2259 1788 2311 philosophiae

345 2379 376 2419 1)
402 2380 444 2413 cf.
471 2389 490 2413 e
518 2405 526 2412 .
553 2381 625 2413 122.
644 2385 670 2412 3.

343 2423 381 2463 2)
401 2422 465 2456 Ρ11.
489 2390 534 2456 ge
558 2434 591 2456 v.
616 2425 709 2457 cont.
736 2423 768 2457 11
791 2425 855 2457 479
880 2423 923 2457 cf.
947 2423 1030 2457 Juv.
1057 2425 1169 2456 11.12ο
1193 2431 1244 2465 sq.

343 2466 378 2507 3)
403 2466 446 2500 cf.
472 2467 551 2501 Sen.
577 2468 688 2508 95.2⁷;
724 2467 765 2501 N.
791 2467 827 2508 Q.
855 2467 912 2501 IV.
946 2468 995 2501 13.
1013 2479 1039 2503 ὅ.
1085 2466 1213 2500 Perict.
1249 2476 1305 2508 ap.
1330 2465 1426 2500 Stob.
1461 2468 1560 2500 85.19
1583 2467 1631 2508 (p.
1657 2465 1788 2505 14:219)

210 2511 319 2545 Clem.
341 2510 445 2553 paed.
468 2511 510 2546 ΙΙ.
534 2511 553 2542 2
578 2521 630 2553 sq.

342 2554 377 2595 4)
401 2553 481 2588 Seu.
516 2554 563 2587 ad
600 2554 699 2588 Helv.
735 2556 810 2595 9.9;
849 2555 924 2588 10.3
955 2564 1007 2596 sq.
1043 2553 1088 2587 de
1122 2563 1222 2596 prov.
1257 2555 1288 2588 3.
1306 2558 1332 2588 6.
1388 2553 1476 2588 Mus.
1511 2563 1567 2596 ap.
1605 2552 1654 2586 St.
1693 2554 1788 2589 18.37

211 2598 268 2640 (Η.
291 2608 324 2641 p.
349 2598 424 2632 528.
442 2599 472 2639 2)
490 2597 596 2631 Clem.
614 2598 717 2641 paed.
741 2598 799 2632 111.
828 2600 867 2632 10
891 2598 1009 2639 (01:11.
1038 2597 1112 2638 115)
1136 2597 1179 2631 cf.
1204 2597 1413 2638 Wendland,
1438 2599 1573 2640 quaest.
1591 2596 1678 2630 Mus.
1695 2606 1729 2639 p.
1746 2596 1787 2630 26

210 2642 315 2677 Philo
339 2643 406 2676 etc.
430 2652 464 2684 p.
492 2644 531 2676 18
555 2652 607 2685 sq.
632 2641 729 2683 [Luc.
753 2641 876 2676 Phars.
901 2645 931 2676 4.
944 2646 993 2672 373
1017 2651 1068 2684 sq.
1095 2643 1206 2676 10.155
1229 2642 1296 2684 sq.]

342 2687 376 2726 5)
401 2687 445 2719 cf.
470 2685 553 2719 Hor.
578 2688 644 2719 sat.
669 2685 710 2719 11.
735 2687 811 2718 215
835 2695 886 2728 sq.

340 2731 374 2771 6)
399 2729 487 2763 Gell.
511 2728 552 2763 N.
574 2730 648 2763 Att.
673 2729 729 2763 IV.
756 2731 806 2763 16.
