1980 3097
876 154 1119 193 -32-

334 283 382 322 cf.
414 283 505 323 Juv.
538 285 627 327 3.6:

468 389 479 399 .
511 391 518 398 .
547 360 654 409 Quid
681 363 762 399 tam
790 361 990 411 miserum,
1021 363 1101 400 tam
1128 361 1255 400 solum
1283 361 1466 412 vidimus,
1497 366 1542 404 ut
1567 377 1651 405 non

468 414 637 455 deterius
663 415 797 455 credas
825 415 984 455 horrere
1012 415 1197 456 incendia
1225 415 1360 466 lapsus

467 472 649 509 tectorum
679 470 857 510 assiduos
885 482 928 510 ac
957 470 1063 510 mille
1085 470 1264 521 pericula
1290 482 1425 510 saevae

467 524 588 564 urbis.
647 525 697 563 cf.
732 526 965 574 190—2223
998 526 1060 564 14.
1084 524 1312 574 305—309.¹)

950 830 1040 876 VH.

829 926 908 976 De
946 925 1161 976 libidine.

333 1025 505 1064 Divitias
535 1027 712 1064 omnium
739 1026 951 1064 libidinum
980 1038 1139 1064 eausam
1170 1039 1255 1064 esse
1284 1026 1453 1077 legimus
1482 1027 1519 1064 6.
1537 1037 1619 1068 294:

463 1102 633 1142 Nullum
661 1103 810 1143 crimen
838 1102 945 1142 abest
969 1102 1203 1152 facinusque
1231 1102 1421 1153 libidinis,
1451 1115 1498 1142 ex
1526 1115 1601 1153 quo

457 1159 676 1207 paupertas
704 1157 894 1196 Romana
918 1157 1022 1206 perit
1051 1186 1222 1197 .....

323 1210 410 1250 298
465 1211 607 1251 Prima
629 1212 859 1262 peregrinos
884 1211 1068 1252 obscaena
1092 1212 1265 1262 pecunia
1294 1224 1418 1252 mores

459 1265 610 1316 intulit,
639 1268 675 1305 et
702 1266 813 1316 turpi
838 1266 1042 1317 freyerunt
1067 1266 1221 1305 saecula
1252 1266 1350 1305 luxu

460 1320 622 1359 divitiae
648 1319 791 1360 molles.
850 1333 931 1371 eqs.

330 1395 390 1434 Ac
406 1396 578 1447 primum
593 1409 750 1435 marum
764 1396 949 1435 libidines
973 1409 1181 1447 perversas
1197 1396 1388 1445 tractabo,
1409 1395 1552 1434 deinde
1570 1396 1780 1434 mulierum

197 1449 400 1488 licentiam
448 1454 487 1489 et
533 1451 832 1502 impudicitiam.
883 1472 934 1477 —
956 1484 959 1489 .
982 1450 1051 1489 De
1098 1463 1349 1502 puerorum
1401 1450 1528 1500 turpi
1580 1449 1778 1497 amore2)

198 1504 414 1556 praecipue
443 1508 578 1544 noster
607 1506 690 1557 agit
717 1506 758 1544 in
788 1509 922 1545 satura
951 1505 1126 1544 secunda
1162 1518 1208 1544 ac
1237 1505 1363 1543 multa
1390 1505 1455 1543 hic
1482 1504 1660 1544 invenies
1689 1517 1781 1543 cum

199 1558 354 1597 Seneca
374 1562 414 1597 et
432 1558 599 1598 Philone
619 1560 889 1611 congruentia.
943 1559 1144 1598 Acerrime
1164 1560 1270 1598 enim
1295 1559 1358 1598 hic
1378 1559 1404 1597 J
1407 1559 1584 1597 uvenalis
1605 1559 1779 1597 nefanda

198 1625 337 1652 eorum
353 1613 535 1653 facinora
554 1614 715 1666 detegit,
737 1614 805 1666 qui
819 1614 985 1654 aliorum
1002 1613 1099 1653 vitia
1114 1617 1292 1662 cernunt,
1314 1613 1599 1653 obliviscuntur
1618 1626 1779 1653 suorum

197 1666 260 1716 (cf.
281 1681 345 1705 vv.
367 1669 405 1706 3.
429 1670 453 1706 9
474 1682 530 1719 sq.
542 1668 586 1715 3).
609 1691 659 1696 —
683 1669 910 1720 Proponam
932 1681 1058 1718 pauca
1078 1681 1099 1706 e
1124 1668 1303 1707 Philonis
1321 1669 1422 1706 libro
1442 1671 1610 1718 sumpta,
1634 1669 1701 1718 qui
1721 1668 1783 1705 in-

197 1721 384 1759 scribitur
404 1722 493 1772 περὶ
512 1725 590 1760 τῶν
612 1722 916 1774 ἀναφερομένων
937 1723 978 1760 ἐν
999 1722 1093 1760 εἴδει
1113 1722 1240 1774 νόμων
1260 1735 1299 1760 κ.
1315 1735 1346 1760 τ.
1364 1721 1398 1760 λ.
1420 1720 1481 1759 ΠΙ
1500 1724 1522 1760 7
1541 1720 1604 1769 (=
1619 1720 1661 1759 II
1681 1721 1778 1768 306)

197 1774 556 1827 Ἐπεισκεκώμακε
606 1777 650 1814 δὲ
693 1783 777 1823 ταῖς
819 1777 980 1815 πόλεσιν
1024 1777 1157 1826 ἕτερον
1193 1808 1200 1814 .
1241 1808 1247 1814 .
1282 1808 1288 1814 .
1322 1807 1329 1814 .
1377 1775 1507 1827 μεῖζον
1549 1776 1689 1822 κακόν,
1733 1777 1777 1814 τὸ

195 1829 556 1880 παιδεραστεῖν,
579 1831 600 1868 ὅ
623 1861 629 1868 .
655 1861 661 1868 .
686 1861 693 1868 .
717 1831 843 1868 νυνὶ.
870 1861 878 1868 .
903 1861 910 1868 .
934 1831 1060 1868 ἐστιν
1091 1831 1284 1882 αὔχημα
1314 1831 1358 1868 οὐ
1388 1835 1465 1876 τοῖς
1495 1830 1618 1880 δρῶσι
1649 1829 1776 1881 μόνον,

197 1883 302 1921 ἀλλὰ
331 1885 401 1921 καὶ
429 1890 507 1930 τοῖς
535 1885 771 1936 πάσχουσιν,
802 1885 837 1923 οἳ
868 1915 874 1922 .
903 1892 916 1922 ’.
949 1914 957 1921 .
991 1915 998 1922 .
1029 1885 1099 1930 τάς
1128 1897 1170 1922 τε
1199 1885 1351 1935 ψυχὰς
1391 1885 1470 1922 καὶ
1499 1885 1553 1922 τὰ
1583 1884 1777 1935 σώματα

197 1937 516 1988 διαρρέουσι4)
549 1969 558 1976 .
591 1969 599 1977 .
632 1969 639 1976 .
673 1969 681 1978 .
723 1944 947 1990 περιφανῶς
975 1940 1096 1985 οὕτως
1137 1940 1207 1984 τὰς
1248 1944 1319 1989 τῆς
1361 1938 1573 1989 κεφαλῆς
1611 1937 1776 1989 τρίχας

197 1992 510 2043 ἀναπλεκόμενοι
534 1994 603 2030 καὶ
623 1994 965 2044 διακοσμούμενοι,
986 1994 1054 2031 καὶ
1080 1993 1284 2044 ψιμμυθίῳ
1306 1993 1376 2031 καὶ
1405 1993 1575 2043 φύκεσι
1603 1993 1672 2030 καὶ
1700 1997 1777 2037 τοῖς

330 2088 362 2124 1)
387 2089 535 2122 Viarum
549 2089 721 2131 strepitus
735 2090 997 2131 angustiaeque
1009 2089 1209 2122 laborantis
1221 2089 1349 2123 turbae
1365 2098 1387 2123 a
1399 2088 1533 2122 Seneca
1546 2088 1776 2129 attinguntur

195 2131 240 2164 de
264 2131 319 2164 ira
342 2132 401 2164 ΙΙΙ.
426 2134 455 2165 6.
466 2137 501 2165 4:
527 2158 533 2164 .
553 2157 561 2164 .
596 2143 662 2173 per
682 2132 872 2174 frequentia
893 2133 959 2165 loca
983 2132 1075 2165 urbis
1092 2132 1289 2174 properanti
1310 2134 1350 2165 in
1372 2132 1492 2165 multos
1506 2131 1775 2164 incursitandum

193 2177 250 2214 est,
273 2177 307 2208 et
326 2175 430 2208 aliubi
452 2175 518 2209 hibi
539 2186 663 2209 necesse
685 2178 741 2217 est,
765 2176 867 2209 aliubi
888 2175 1037 2217 retineri,
1061 2175 1166 2209 aliubi
1194 2187 1213 2208 r
1267 2186 1344 2218 eryi.
1380 2175 1440 2213 (de
1456 2176 1571 2216 tranq.
1596 2183 1652 2207 an.
1681 2175 1730 2208 12.
1740 2178 1774 2215 2;

195 2218 297 2251 clem.
322 2218 347 2252 Ι.
372 2221 435 2259 61;
461 2219 543 2252 Luc
568 2219 667 2261 Nigr.
691 2220 748 2260 29)
773 2219 817 2253 cf.
842 2219 970 2253 Juvcn.
994 2220 1025 2252 3.
1038 2223 1086 2250 243
1110 2228 1149 2261 sq
1156 2177 1346 2252 -ωέοησ
1371 2218 1505 2252 Seneca
1529 2221 1564 2251 et
1587 2217 1775 2251 Juvenalis

193 2261 289 2295 inter
304 2271 343 2295 se
367 2264 583 2312 congruunt:
608 2272 662 2305 ep
688 2265 739 2297 90.
749 2268 766 2293 9
793 2288 799 2294 .
825 2263 990 2304 ..pinus
1011 2265 1073 2296 aut
1093 2263 1180 2296 abies
1202 2262 1408 2303 deferebatur
1434 2262 1528 2304 lonqo
1555 2261 1775 2295 vehiculorum

192 2305 309 2338 ordine
344 2305 425 2339 vicis
460 2306 722 2340 intr-ementibus.
779 2306 839 2346 (cf.
879 2316 932 2348 ep.
973 2307 1024 2340 56.
1043 2307 1073 2346 4)
1112 2307 1177 2339 sat.
1223 2305 1254 2338 3.
1266 2310 1316 2336 254
1350 2315 1402 2347 sq.
1445 2308 1495 2335 236
1528 2314 1580 2347 sq.
1642 2304 1776 2339 Seneca

195 2357 416 2391 quamquam
451 2349 606 2393 strepitu
640 2349 741 2383 urbis
777 2359 797 2384 a
832 2350 954 2383 studio
987 2358 1058 2383 non
1094 2346 1277 2389 avocatur,
1311 2349 1432 2382 tamen
1468 2357 1511 2381 ex
1546 2357 1588 2382 ea
1621 2347 1777 2382 discedit

196 2393 265 2434 (ep.
291 2394 402 2430 56.15)
425 2395 461 2427 et
484 2393 612 2428 Vatiae
637 2394 761 2428 villam
786 2395 932 2437 propter
953 2393 1256 2436 tranquillitatem
1277 2393 1347 2427 loci
1371 2392 1497 2426 laudat
1512 2392 1570 2435 (ep
1546 2402 1581 2435 p.
1605 2394 1657 2426 55.
1674 2393 1716 2433 6).

326 2438 359 2473 2)
383 2436 476 2476 Quid
513 2437 560 2470 de
598 2446 728 2470 venere
766 2446 893 2471 aversa
931 2437 1139 2478 philosophi
1178 2435 1364 2476 sentirent,
1402 2436 1546 2470 Carolus
1585 2435 1777 2470 Praechter

197 2478 378 2521 copiosius
402 2480 584 2522 quaesivit
606 2480 643 2514 in
669 2480 773 2522 libro,
806 2481 868 2523 qui
890 2480 1103 2514 inscribitur
1126 2478 1309 2513 Hierocles
1332 2461 1472 2514 S’toicus
1496 2479 1652 2522 (Lipsiae
1678 2478 1775 2518 1901)

193 2524 439 2653 5148—150.
486 2523 764 2565 cf.wend]and
789 2524 893 2559 Philo
917 2526 984 2559 etc.
1008 2534 1042 2567 p.
1066 2525 1110 2558 33
1126 2533 1178 2566 sq.
1225 2523 1352 2558 Adicio
1375 2523 1464 2558 locis
1487 2524 1532 2558 ab
1563 2524 1616 2558 eis
1638 2523 1774 2558 allatis:

222 2567 287 2600 lut.
312 2569 450 2608 quaest.
475 2576 576 2601 conv.
601 2568 672 2601 VII.
698 2570 727 2601 5.
745 2574 770 2600 3.
789 2571 878 2611 7(p.
902 2570 990 2608 705).
1024 2568 1132 2609 [Diog
1135 2567 1201 2608 ]e
1182 2577 1236 2609 e.p
1266 2569 1317 2601 28.
1335 2573 1360 2601 4.
1407 2567 1474 2601 Dio
1497 2568 1578 2601 Chr.
1602 2568 1675 2602 VII.
1702 2569 1774 2600 151.

220 2610 372 2644 .142.D
421 2609 815 2654 Epict.11.10.17.111.
844 2614 892 2646 17.
910 2617 936 2645 4.
984 2611 1094 2653 [Lact.
1115 2611 1198 2644 inst.
1223 2610 1280 2645 Vl.
1304 2612 1356 2646 23.
1374 2618 1390 2644 8
1413 2610 1480 2654 sq.]

328 2656 362 2696 3)
389 2654 430 2689 cf.
460 2654 527 2690 Cic.
555 2655 659 2689 Tusc.
676 2655 734 2689 ΙΙΙ.
752 2657 803 2690 73.
849 2656 929 2690 Sen.
946 2665 1000 2698 ep
1025 2657 1077 2689 50.
1090 2659 1165 2686 3-4.
1188 2656 1232 2689 tr.
1249 2664 1306 2690 an.
1324 2659 1412 2697 1.16;
1437 2656 1481 2691 de
1502 2656 1557 2690 ira
1579 2656 1622 2690 II.
1646 2657 1776 2695 28,7—8

200 2698 258 2732 111.
284 2700 336 2732 26.
355 2704 380 2730 4.
427 2698 518 2732 Max.
544 2699 624 2741 Tyr.
650 2701 702 2733 36.
728 2700 842 2740 (20).2
865 2700 934 2740 (ed.
958 2698 1127 2733 Duebner
1149 2709 1182 2740 p.
1211 2702 1280 2733 141.
1294 2705 1325 2731 34
1349 2701 1426 2742 sq.)-

326 2742 362 2782 4)
389 2741 433 2775 cf.
457 2742 503 2776 de
527 2743 605 2776 vita
629 2744 724 2776 cont.
749 2744 779 2783 7,
804 2743 892 2776 Bion
918 2752 973 2784 ap.
997 2742 1038 2775 D.
1065 2742 1099 2774 L.
1122 2744 1153 2775 4.
1164 2747 1207 2776 49.
