1980 3097
206 272 299 323 ipsa
332 276 551 313 mutamus.
609 272 678 312 Sic
713 286 762 312 ne
793 273 862 313 hoc
899 273 1062 324 quidem
1089 272 1202 313 nobis
1238 272 1433 325 continqit
1455 286 1696 324 permanere
1731 272 1777 312 in

206 327 312 367 malo
342 327 426 367 iam
444 327 659 377 familiari.
703 327 834 367 Aliud
853 341 905 367 ex
935 328 1014 369 alio
1029 328 1165 379 placet
1192 331 1390 378 vexatque
1419 341 1491 367 nos
1511 328 1581 368 hoc
1610 341 1774 379 quoque,

205 383 312 430 quod
340 381 497 420 iudicia
525 385 665 420 nostra
694 395 775 421 non
804 385 966 421 tautum
988 395 1122 433 prava
1154 382 1225 420 sed
1252 381 1375 421 etiam
1405 382 1508 421 levia
1535 385 1632 422 sunt
1660 382 1777 433 etc.¹)

206 437 255 476 cf.
286 437 377 476 Juv.
409 451 445 476 v.
469 437 548 476 236

402 499 568 539 Mobilis
597 503 634 539 et
662 500 779 539 varia
808 504 868 540 est
894 501 1022 550 ferme
1051 504 1203 540 natura
1230 501 1432 540 malorum
1461 515 1540 553 eqs.

336 566 400 604 Ad
435 579 539 605 nova
575 567 726 618 flagitia
760 567 940 606 homines
975 581 1129 620 semper
1167 567 1323 606 incitari
1362 567 1468 606 idem
1511 567 1680 626 explicat
1713 581 1776 619 ep.

205 621 270 659 41.
294 632 353 663 21:
389 618 512 658 Levis
547 622 606 658 est
638 619 811 670 malitia,
852 633 971 672 saepe
1005 623 1201 669 mutatur,
1239 633 1321 659 nou
1355 619 1400 659 in
1432 619 1590 670 melius,
1628 620 1698 659 sed
1731 633 1777 659 m

207 672 332 712 aliud.
393 674 440 713 cf.
471 675 563 714 Juv.
585 675 664 714 239

467 781 640 790 .....
672 751 725 790 ad
753 764 883 791 mores
913 755 1065 791 natura
1093 751 1269 791 recurrit

466 805 680 844 damnatos
707 805 796 854 fixa
824 809 862 845 et
889 806 1044 845 mutari
1073 805 1209 845 nescia
1242 821 1321 859 eqs.

315 860 406 899 243.
467 858 668 907 Quisnam
697 859 905 899 hominum
934 863 1003 910 est,
1040 873 1157 910 quem
1186 863 1231 900 tu
1261 862 1489 899 contentum
1516 859 1666 899 videris
1694 872 1777 899 uno

464 913 647 964 flayitio?
676 929 756 967 eqs.

338 979 387 1017 cf.
424 980 515 1018 Sen.
552 980 664 1018 clem.
701 980 732 1018 I.
763 981 831 1020 1.7
875 990 946 1017 nec
987 981 1070 1017 tam
1113 982 1354 1030 temperatae
1397 978 1637 1030 cupiditates
1679 981 1778 1017 sunt

205 1045 411 1081 umquam,
441 1035 488 1071 ut
516 1031 561 1070 iri
590 1045 644 1082 eo,
676 1033 782 1082 quod
802 1032 1007 1083 eontinyit,
1038 1032 1239 1073 desinant.
1289 1033 1454 1073 Gradus
1484 1046 1509 1073 a
1535 1031 1694 1084 maynis
1724 1033 1777 1072 ad

205 1087 363 1125 maiora
389 1085 437 1134 fit
465 1087 583 1135 etc.2)

335 1142 572 1181 Plutarchus
607 1154 732 1194 aeque
763 1147 880 1195 atque
909 1143 1115 1182 Juvenalis
1150 1143 1274 1182 malos
1302 1144 1343 1182 in
1377 1144 1578 1195 peccando
1608 1143 1777 1182 audaces

204 1201 243 1235 et
276 1197 429 1236 timoris
463 1201 644 1249 expertes
679 1210 777 1248 esse,
813 1198 960 1237 scelere
995 1201 1128 1236 autem
1162 1198 1371 1237 commisso
1406 1198 1588 1237 iniuriam
1622 1197 1776 1236 intelle-

203 1255 342 1302 gentes
384 1252 527 1290 animis
568 1252 737 1290 deficere
780 1253 940 1304 exponit
982 1266 1011 1291 s.
1057 1265 1164 1291 num.
1208 1253 1315 1291 vind.
1359 1265 1444 1304 cap.
1479 1253 1540 1291 10.
1608 1249 1655 1289 ‘H
1696 1253 1774 1302 γὰρ

205 1305 386 1357 ἰταμότης
430 1306 561 1357 ἐκείνη
605 1307 674 1344 καὶ
711 1307 754 1344 τὸ
789 1306 924 1358 θρασὺ
966 1312 1036 1357 τῆς
1077 1306 1221 1353 κακίας
1264 1308 1357 1359 ἄχρι
1398 1312 1474 1345 τῶν
1519 1306 1777 1357 ἀδικημάτων

205 1360 365 1411 ἰσχυρόν
387 1360 469 1398 ἐστι
498 1362 567 1399 καὶ
586 1360 807 1412 πρόχειρον,
839 1362 922 1399 εἶτα
941 1367 1009 1399 τοῦ
1033 1361 1190 1407 πάθους
1214 1362 1348 1412 ὥσπερ
1382 1361 1600 1412 πνεύματος
1624 1359 1778 1399 ὑπολεί-

204 1427 342 1460 ποντος
372 1415 543 1461 ἀσθενὲς
573 1415 643 1453 καὶ
675 1417 856 1454 ταπεινὸν
890 1415 1097 1454 ὑποπίπτει
1125 1420 1203 1461 τοῖς
1230 1415 1361 1467 φόβοις
1385 1416 1454 1453 καὶ
1480 1421 1564 1461 ταῖς
1593 1413 1774 1452 δεισιδαι-

206 1468 409 1519 μονίαις.3)
467 1469 516 1507 cf.
546 1469 638 1508 Juv.
660 1482 698 1507 v.
719 1469 811 1507 237.

335 1521 444 1562 Deos
473 1536 551 1562 non
573 1523 690 1562 modo
720 1523 928 1562 malefacta
957 1523 1027 1562 sed
1056 1523 1175 1563 etiam
1200 1523 1346 1562 malam
1375 1526 1548 1562 mentem
1577 1535 1624 1561 ac
1642 1522 1777 1561 volun·

203 1581 325 1616 tatem
367 1579 510 1628 punire
555 1579 846 1617 demonstratur
893 1578 1071 1629 exemplo
1116 1577 1257 1617 Glauci
1298 1577 1616 1625 Lacedaemonii,
1665 1577 1780 1615 cuius

203 1632 442 1670 Plutarchus
469 1645 626 1684 quoque
656 1633 896 1671 mentionem
915 1632 1025 1671 inicit
1053 1645 1126 1671 ser.
1159 1645 1264 1670 num.
1294 1632 1402 1671 vind.
1432 1644 1517 1683 cap.
1542 1633 1604 1670 11.
1649 1631 1777 1670 Simili

203 1686 320 1725 modo
357 1686 509 1726 Seneca
550 1687 716 1727 iniurias
750 1700 829 1726 non
864 1687 995 1726 minus
1028 1687 1229 1726 voluntate
1272 1700 1391 1738 quam
1425 1687 1529 1726 facto
1566 1685 1777 1735 iudicari4)

203 1742 375 1780 ostendit
417 1746 540 1780 const.
587 1744 623 1780 7.
643 1753 665 1782 4
713 1739 862 1779 Omnia
904 1740 1055 1778 scelera
1098 1739 1221 1778 etiam
1263 1742 1355 1778 ante
1398 1738 1586 1790 effectum
1630 1737 1775 1790 operis,

203 1796 402 1855 quantum
438 1794 580 1847 culpae
614 1793 716 1834 satis
745 1797 815 1845 est,
850 1793 1031 1846 perfecta
1063 1796 1169 1833 sunt.
1231 1795 1280 1834 cf.
1315 1796 1361 1835 ir.
1395 1793 1427 1834 I.
1458 1794 1529 1837 3.1
1561 1825 1569 1833 .
1602 1825 1609 1833 .
1643 1826 1650 1834 .
1724 1825 1733 1834 .
1767 1826 1774 1833 .

203 1848 404 1889 iniuriam
432 1849 503 1899 qui
530 1850 720 1899 facturus
749 1853 819 1899 est,
850 1849 935 1888 iam
961 1848 1063 1899 facit
1091 1851 1198 1899 (ben.
1220 1850 1267 1888 V
1294 1853 1354 1889 14
1369 1853 1404 1897 2>
1434 1850 1482 1889 cf.
1501 1849 1594 1890 Juv.
1617 1851 1695 1888 209
1717 1863 1776 1900 sq

464 1925 575 1964 Nam
603 1926 733 1964 scelus
762 1925 875 1964 intra
902 1937 944 1964 36
975 1924 1144 1964 tacitum
1172 1924 1242 1974 qui
1272 1923 1418 1976 coqitat
1444 1924 1591 1975 ullum,

463 1979 565 2029 facti
594 1980 746 2018 crimen
776 1979 902 2018 habet.

333 2043 495 2083 Poenas
523 2044 734 2092 maleficiis
755 2043 975 2093 aliquando
1004 2056 1116 2083 seras
1138 2046 1326 2095 occupato
1356 2043 1427 2082 deo
1453 2042 1498 2082 iu
1527 2045 1642 2082 tanta
1660 2041 1775 2091 mole⁷

203 2111 427 2147 numquam
457 2102 593 2138 autem
617 2098 760 2137 irritas
790 2111 884 2148 esse,
916 2100 1021 2151 quod
1041 2100 1195 2138 Plinius
1224 2100 1319 2137 dicit
1346 2111 1384 2137 n.
1414 2099 1453 2137 h.
1474 2099 1526 2137 II.
1548 2098 1613 2147 26,
1643 2102 1780 2136 noster

203 2154 339 2192 ultimo
368 2166 486 2192 versu
513 2154 735 2205 profitetur:

726 2217 903 2267 fatebere
934 2217 1064 2256 laetus

463 2284 534 2311 nec
564 2272 729 2312 tardum
758 2284 829 2311 nec
856 2271 1051 2311 Teresian
1079 2284 1320 2321 quemquam
1349 2283 1431 2310 6336
1460 2271 1638 2310 deorum.

336 2339 384 2378 cf.
423 2339 527 2379 Plut.
565 2353 639 2379 ser.
676 2353 782 2379 num.
826 2340 933 2378 vind.
964 2339 1002 2377 6.
1074 2339 1211 2378 δίδωσι
1248 2336 1352 2389 (scil.
1396 2336 1510 2389 θεὸς)
1547 2344 1615 2377 τοῦ
1660 2350 1775 2389 μετα-

203 2393 428 2445 βάλλεσθαι
446 2394 599 2445 χρόνον.
645 2393 742 2432 Ἐὰν
759 2393 1026 2445 δ’ἐπιμὲνωσι,
1047 2394 1115 2431 καὶ
1130 2393 1276 2439 τούτοις
1292 2392 1476 2431 ἀπέδωκε
1490 2392 1563 2443 τὴν
1580 2391 1695 2442 δίκην
1710 2407 1717 2416 ·
1731 2392 1775 2429 οὐ

201 2448 279 2500 γάρ
310 2461 385 2486 που
415 2448 531 2496 δέδιε,
564 2449 617 2501 μὴ
649 2447 925 2500 διαφύγωσι.5>

336 2555 369 2595 1)
393 2554 438 2588 cf.
462 2555 552 2589 Plut.
577 2555 610 2589 d.
636 2565 662 2588 s.
687 2565 785 2589 num.
811 2554 908 2588 vind.
927 2557 965 2587 11
991 2565 1024 2598 p.
1041 2554 1186 2588 55601).

333 2599 368 2638 2)
392 2598 437 2632 cf.
462 2608 514 2642 ep.
539 2601 636 2641 25.3;
660 2599 757 2633 brev.
784 2609 816 2631 v.
834 2601 908 2640 6.3;
933 2599 1034 2633 clem.
1059 2598 1083 2631 1.
1109 2600 1160 2632 13.
1173 2603 1199 2630 2.

332 2642 367 2682 3)
392 2644 436 2676 ci.
460 2643 542 2676 δην.
566 2653 624 2676 VV.
642 2644 826 2677 223—232.

332 2686 368 2727 4)
392 2685 549 2720 Eandem
586 2686 786 2721 doctrinam
823 2686 1029 2720 invenimus
1059 2686 1096 2720 in
1129 2685 1236 2719 Arist.
1266 2685 1337 2718 eth.
1372 2684 1449 2718 Nic.
1478 2685 1559 2717 1111
1571 2682 1635 2717 Β.5
1665 2682 1700 2723 (a
1727 2682 1776 2716 ud

202 2728 257 2762 Ps.
275 2729 386 2764 Phoc.
410 2740 444 2762 v.
467 2729 523 2770 52)
541 2730 584 2763 cf.
603 2730 637 2763 L.
655 2730 829 2771 Schmidt,
853 2730 893 2763 D.
911 2729 1020 2763 Ethik
1045 2729 1078 2762 d.
1103 2729 1200 2763 alten
1225 2728 1281 2762 Gr.
1306 2728 1388 2762 158.
1478 2727 1512 2768 5)
1536 2726 1580 2760 cf.
1605 2734 1680 2768 cap.
1737 2726 1778 2760 V.
