1980 3097
176 260 341 303 nomina
366 257 550 308 familiae
584 269 682 296 suae
726 258 839 309 lonyo
870 258 1007 298 ordine
1037 271 1083 298 ac
1110 258 1251 298 multis
1278 262 1535 298 stemmatum
1563 259 1738 311 inliqata

174 313 346 367 fleoeuris
388 311 434 351 in
456 314 574 363 parte
599 310 736 364 prima
765 311 928 359 aedium
955 313 1159 363 collocant,
1203 326 1283 353 non
1325 312 1411 353 noti
1450 312 1580 364 mayis
1613 326 1737 364 quam

176 369 325 411 nobiles
343 364 505 415 sunt?¹)
548 380 610 417 ep.
630 369 695 405 44.
709 378 741 410 5.
784 365 879 405 Non
896 366 998 416 facit
1016 367 1186 406 nobilem
1207 367 1359 406 atrium
1373 368 1541 418 plenum
1562 368 1738 417 fumosis

175 420 430 474 imayinibus.
489 420 538 458 cf.
568 420 590 470 ξ
614 423 648 459 l.
680 442 728 448 ——
758 421 850 459 Juv.
878 435 915 460 v.
946 422 983 460 8.

304 475 613 516 Nobilitatem
652 475 750 514 sola
783 475 960 514 virtute
995 475 1265 524 contineri2)
1302 477 1464 526 Seneca,
1498 477 1737 517 Plutarchus

175 547 236 584 ap.
273 530 380 569 Stob.
417 528 507 577 86),
555 528 671 567 Philo
712 528 858 579 aliique
891 529 1114 580 philosophi
1148 529 1358 581 disputant.
1395 553 1445 557 —
1479 530 1552 569 Ph.
1588 545 1672 583 cap.
1709 535 1733 570 2

174 586 244 638 (II.
262 583 357 634 440)
385 580 474 622 Ὅτι
498 582 542 621 δὲ
572 582 612 621 ἐν
642 583 786 633 ἀρετῆς
813 578 953 633 κτήσει
979 582 1109 621 τίθετε
1137 585 1181 622 τὸ
1210 581 1374 635 εὐγενές,
1403 585 1472 623 καὶ
1498 586 1563 625 τὸν
1593 587 1736 638 ἔχοντα

172 641 318 689 ταύτην
347 639 487 688 εὐγενῆ
520 636 634 687 μόνον
663 635 917 686 ὑπειλήφατε,
953 636 1040 674 ἀλλ’
1070 638 1144 688 οὐχ
1171 638 1275 683 ὅστις
1305 638 1351 676 ἅν
1381 639 1515 677 καλῶν
1541 641 1610 678 καὶ
1635 641 1732 691 ἀγα-

173 696 257 734 θῶν
286 691 448 744 γένηται
482 689 642 741 γονέων,
672 689 792 740 δῆλον
825 689 872 728 ἐκ
899 689 1067 729 πολλῶν.
1126 689 1173 728 cf.
1205 703 1289 742 cap.
1322 693 1355 729 1.
1386 691 1451 741 (ΙΙ.
1472 690 1566 741 438)
1597 693 1735 745 μόνους

172 748 250 801 χρὴ
280 746 407 798 λέγειν
437 745 606 795 εὐγενεῖς
633 745 721 790 τοὺς
750 743 955 795 σώφρονας
982 745 1052 782 καὶ
1080 744 1263 790 δικαίους.
1314 745 1403 784 Sen.
1421 759 1480 797 ep.
1499 747 1596 790 545
1631 745 1734 794 Quis

173 803 231 839 est
256 796 501 850 qenerosus?
543 796 611 834 Ad
637 795 829 835 virtutem
857 796 952 835 bene
983 808 1008 834 a
1035 799 1188 835 natura
1217 797 1457 846 compositus
1485 803 1558 838 etc.
1600 831 1608 838 .
1641 831 1650 839 .
1683 831 1691 839 .
1722 832 1732 840 .

172 853 347 894 Animus
375 849 476 902 facit
504 849 676 890 nobilem
697 883 705 891 .
729 883 736 890 .
759 883 768 891 .
791 850 844 902 .3)
901 852 950 892 cf.
969 851 1062 891 Juv.
1083 866 1120 891 v.
1142 854 1207 892 24.

589 927 736 966 Prima
763 927 864 966 mihi
892 927 1007 966 debes
1037 927 1166 966 animi
1195 927 1307 967 bona.

171 1008 219 1047 cf.
258 1005 389 1057 [Plut.]
425 1019 487 1057 ap.
524 1006 631 1045 Stob.
667 1019 705 1057 p.
740 1007 813 1045 157
845 1005 975 1056 (M.)4)
1020 1029 1070 1033 ——
1114 1005 1177 1045 Ps.
1212 1006 1395 1045 Phalaris
1428 1019 1489 1057 ap.
1526 1007 1581 1046 St.
1613 1008 1733 1050 86.17

169 1061 274 1113 Ἐγὼ
304 1061 347 1099 δὲ
379 1060 468 1112 μίαν
498 1060 695 1111 εὐγένειαν
726 1060 870 1111 ἀρετὴν
899 1061 999 1107 οἶδα,
1028 1062 1077 1098 τὰ
1107 1060 1150 1098 δὲ
1180 1060 1283 1098 ἄλλα
1312 1061 1441 1099 πάντα
1469 1061 1603 1113 τύχην.

298 1115 553 1154 Nobilitatem
588 1115 734 1153 bonum
767 1128 853 1154 esse
888 1128 912 1153 a
940 1115 1153 1153 maioribus
1186 1115 1407 1166 profectum
1439 1116 1611 1154 breviter
1637 1116 1734 1155 Plu-

169 1170 326 1209 tarchus
353 1182 457 1220 pers.
484 1169 577 1207 dicit
607 1169 666 1207 ed.
687 1182 796 1220 puer.
819 1170 854 1208 8.
912 1168 1103 1220 Εὐγένεισι
1131 1169 1255 1208 καλὸν
1287 1169 1367 1220 μέν,
1399 1169 1502 1207 ἀλλὰ
1530 1170 1733 1221 προγόνων

171 1223 374 1276 ἀγαθόν.5)
428 1222 632 1262 Consentit
660 1236 749 1262 cum
778 1227 923 1272 nostro,
955 1224 1022 1275 qui
1039 1223 1268 1263 Rubellium
1297 1223 1352 1262 ita
1379 1224 1577 1276 vituperat
1605 1238 1640 1264 v.
1658 1226 1729 1264 40:

392 1330 399 1338 .
433 1330 440 1337 .
474 1331 481 1338 .
513 1301 641 1336 tumes
671 1298 748 1337 alto
778 1298 1013 1337 Drusorum
1039 1301 1257 1348 stemmate,
1289 1301 1494 1347 tamquam

389 1352 533 1403 feceris
562 1352 647 1403 ipse
678 1352 833 1403 aliquid
855 1356 1024 1404 propter
1053 1353 1157 1403 quod
1186 1352 1331 1393 nobilis
1360 1354 1514 1405 esses.⁶)

169 1431 217 1469 cf.
240 1431 330 1470 Seu.
352 1443 412 1482 ep.
434 1432 498 1469 44.
513 1442 532 1473 5
563 1429 689 1468 Nemo
719 1429 764 1468 in
792 1432 972 1468 nostram
998 1429 1171 1480 yloriam
1198 1429 1303 1467 vixit
1331 1441 1402 1468 nec
1421 1430 1526 1478 quod
1547 1432 1637 1468 ante
1658 1443 1732 1469 nos

167 1483 259 1533 fuit,
291 1486 475 1523 nostrum
503 1487 570 1522 est.
614 1508 665 1512 —
706 1485 764 1524 Ut
796 1486 974 1536 posteri
1008 1486 1101 1536 ipsi
1135 1489 1302 1536 gerant
1329 1499 1402 1524 res
1432 1499 1512 1524 suo
1543 1487 1731 1525 nomine

167 1540 332 1590 dignas
363 1539 531 1589 quibus
560 1540 742 1577 nobiles
770 1540 908 1587 fiant,
936 1539 1142 1577 Juvenalis
1170 1540 1343 1590 postulat
1373 1541 1423 1577 68
1440 1552 1496 1589 sq.

362 1613 483 1664 Eryo,
515 1616 560 1653 vut
588 1613 783 1653 miremur
813 1617 860 1660 te,
891 1627 971 1653 non
1001 1616 1085 1664 tua,
1112 1613 1277 1666 privum
1306 1613 1463 1663 aliquid
1492 1613 1556 1663 da,

362 1670 467 1716 quod
489 1668 642 1718 possim
671 1668 801 1706 titulis
829 1668 1018 1706 incidere.
1051 1674 1122 1707 etc.
1182 1669 1229 1707 cf.
1253 1672 1302 1707 75
1320 1683 1376 1720 sq.
1408 1691 1458 1696 ——

168 1743 286 1795 [Gal]
306 1750 427 1797 protr.
450 1747 471 1784 7
502 1747 647 1798 ταύτην
676 1748 753 1798 γὰρ
785 1746 906 1799 μόνην
936 1748 1090 1799 ἔχοιμεν
1122 1748 1181 1794 ἂν,
1212 1747 1244 1785 εἰ
1265 1746 1314 1797 δὴ
1335 1746 1389 1793 τίς
1409 1747 1512 1785 ἐστιν
1533 1746 1730 1798 εὐγενείας

165 1800 292 1851 χρεία,
324 1800 374 1847 ὡς
403 1803 500 1851 πρὸς
528 1802 668 1840 οἰκεῖον
698 1802 950 1853 παράδειγμα
979 1804 1044 1852 τὸν
1076 1801 1194 1852 ζῆλον
1223 1802 1315 1853 ἡμῖν
1340 1800 1597 1852 γίγνεσθαι.7)
1640 1801 1730 1845 Quo

166 1855 252 1905 quis
285 1855 454 1894 nobilior
487 1856 547 1904 sit,
583 1868 629 1895 eo
663 1857 788 1907 magis
822 1869 912 1895 eum
941 1869 1027 1895 esse
1054 1856 1370 1908 vituperandum,
1405 1856 1438 1894 si
1470 1855 1652 1894 indecore
1686 1869 1730 1894 se

166 1913 294 1959 gerat,
329 1910 433 1948 idem
468 1911 604 1961 paucis
638 1911 768 1949 verbis
803 1915 1010 1949 memorat:
1048 1911 1215 1962 αἰσχύνη
1387 1910 1535 1961 τοσῷδε
1572 1910 1726 1961 μείζων,

165 1965 245 2015 ὅσῳ
274 1965 342 2002 καὶ
371 1966 413 2003 τὸ
441 1964 552 2016 γένος
581 1965 921 2016 περιφανέστερον.
980 1964 1027 2004 cf.
1058 1965 1149 2004 Juv.
1185 1966 1260 2004 140

426 2037 551 2077 Omne
581 2038 708 2077 animi
736 2038 881 2076 vitium
909 2041 1019 2077 tanto
1050 2037 1298 2089 conspectius
1326 2037 1371 2076 in
1399 2050 1440 2076 se

425 2092 575 2131 crimen
604 2093 729 2142 habet,
761 2096 909 2142 quanto
938 2092 1069 2132 maior
1099 2092 1169 2142 qui
1191 2095 1330 2143 peccat
1359 2092 1537 2131 habetur.

293 2170 347 2208 Ut
374 2175 505 2209 autem
532 2170 736 2208 Juvenalis
770 2170 948 2208 homines
977 2170 1192 2221 degeneres
1227 2183 1326 2208 cum
1361 2170 1492 2220 equis
1523 2170 1725 2219 confert,

164 2225 231 2274 qui
260 2229 417 2263 strenuo
447 2238 591 2275 genere
620 2225 701 2262 nati
731 2229 861 2263 tamen
891 2238 980 2263 raro
1008 2225 1211 2263 victoriam
1241 2222 1494 2275 reportentss),
1524 2224 1580 2262 ita
1607 2224 1726 2276 Epic-

295 2367 310 2397 1
351 2364 394 2398 cf.
419 2374 436 2397 e
464 2366 539 2397 .76.
555 2369 596 2395 12.

292 2365 327 2448 23
350 2407 392 2441 cf.
417 2374 498 2441 Jflv.
522 2417 554 2440 v.
579 2409 630 2440 20.
776 2408 809 2448 3)
835 2407 878 2441 cf.
903 2407 982 2441 Seu.
1005 2407 1086 2441 ben.
1109 2407 1169 2440 ΙΙΙ.
1194 2409 1268 2441 28.1
1294 2407 1341 2447 (v.
1365 2406 1575 2448 Wendland,
1597 2417 1631 2449 p.
1656 2408 1725 2446 52).

291 2453 326 2492 4)
350 2460 414 2494 pro
437 2451 518 2485 nob.
543 2461 571 2485 c.
599 2453 646 2485 10.
687 2452 820 2485 Auctor
843 2451 1058 2486 sententiam
1081 2451 1278 2485 adversarii
1300 2449 1420 2484 refert.

293 2498 325 2530 5)
350 2496 394 2529 cf.
413 2495 458 2528 de
475 2497 588 2537 tranq.
603 2504 658 2527 an.
674 2497 711 2527 17
732 2495 777 2537 (p.
789 2496 854 2529 475
868 2495 925 2536 Β);
950 2495 1055 2537 [Gal.]
1067 2497 1175 2537 protr.
1189 2497 1206 2527 7
1224 2493 1292 2536 (ed.
1306 2493 1512 2536 Marquardt
1527 2503 1561 2536 p.
1577 2495 1663 2534 110).
1683 2513 1723 2517 -

161 2537 252 2572 Phil.
277 2538 323 2573 de
346 2538 425 2573 nob.
451 2540 470 2572 2
495 2538 551 2579 (ΙΙ.
574 2539 668 2578 439);
693 2538 738 2572 (le
761 2538 845 2572 Abr.
869 2538 911 2573 45
935 2539 992 2579 (ΙΙ.
1016 2538 1089 2580 38);
1114 2538 1225 2581 Epict.
1251 2537 1306 2571 IV.
1333 2540 1414 2573 1.10.

292 2583 326 2622 6)
349 2582 393 2616 cf.
417 2593 449 2616 v.
474 2584 525 2616 70.
658 2582 692 2622 7)
716 2582 759 2616 cf.
784 2582 865 2616 Juv.
891 2584 953 2617 138
965 2592 1017 2625 sq.
1040 2583 1088 2623 (v.
1110 2581 1309 2616 Wendland
1330 2591 1364 2624 p.
1388 2583 1456 2621 54).

291 2627 327 2666 8)
350 2636 407 2659 vv.
432 2628 473 2660 57
488 2635 539 2668 sq.
568 2644 611 2648 —
641 2625 736 2659 Haeo
759 2627 977 2668 comparatio
1001 2626 1212 2669 perantiqua
1235 2627 1297 2658 est.
1344 2625 1388 2659 cf.
1412 2624 1569 2667 Theogn.
1597 2626 1657 2658 183
1670 2634 1724 2666 sq.

161 2668 207 2707 (v.
231 2668 354 2712 Mayor
376 2669 423 2703 ad
446 2679 478 2702 v.
503 2670 559 2709 56)
595 2669 650 2702 Ad
679 2670 898 2703 contrarium
924 2669 1148 2713 probandum
1176 2678 1219 2703 ea
1251 2668 1364 2702 utitur
1397 2667 1611 2702 Plutarchus
1645 2677 1723 2710 per-

161 2713 307 2747 sonatus
331 2722 394 2756 pro
417 2713 526 2747 nobil.
551 2722 626 2755 cap.
653 2716 679 2746 1.

1550 2779 1569 2809 5
