1980 3097
845 182 1087 220 —75-

906 308 1019 348 XIlI.

184 386 262 433 De
303 384 470 445 pravis
511 383 763 431 hominum
805 383 985 432 studiis
1018 386 1069 431 et
1102 384 1168 432 de
1207 385 1397 433 artibus
1437 385 1742 435 liberalibus,

310 471 525 522 Reliquum
541 473 613 520 est,
633 474 676 509 ut
694 484 945 522 quaeramus,
966 471 1161 522 quomodo
1174 470 1380 511 «Iuvenalis
1397 473 1566 512 mentis
1586 487 1744 525 quoque

180 525 523 576 perversitates
552 529 842 575 aspernetur.
883 525 942 564 Ac
961 526 1134 576 primum
1151 526 1377 564 intueamur
1394 540 1498 565 vana
1515 527 1583 565 illa
1602 528 1742 576 studia,

181 591 282 630 quae
322 591 403 617 non
445 578 568 617 semel
608 578 846 630 indignatur.
884 600 934 605 —
967 579 1174 618 Neminem
1218 592 1303 618 esse
1343 579 1495 618 Romae
1537 581 1604 629 ait,
1648 582 1743 632 quin

180 633 485 672 declamationes
519 636 587 671 aut
620 633 797 672 carmina
824 633 957 682 faciat,
996 647 1244 685 quocumque
1270 634 1419 684 venias,
1457 647 1612 686 semper
1644 637 1742 674 reci-

178 691 306 726 tantes
334 690 470 738 poetas
504 686 722 738 reperiri.¹)
780 688 857 732 Qui
886 701 1004 739 quam
1038 688 1194 727 molesti
1226 688 1385 737 fuerint,
1421 689 1539 727 etiam
1569 689 1742 728 Senecae

179 742 300 780 verba
334 741 496 780 docent:
541 755 601 793 ep.
640 742 729 780 122.
753 753 791 784 11
823 772 831 780 .
864 772 873 780 .
905 773 913 780 .
957 740 1093 791 itaque
1130 753 1222 780 cum
1254 740 1541 792 indiynaretur
1577 741 1743 791 quidam

179 794 297 833 illum
326 796 408 833 tota
435 793 499 833 die
528 793 717 834 recitasse
748 827 757 834 .
788 827 797 835 .
829 827 837 835 .
880 797 1080 836 Lucianus
1108 810 1265 849 quoque
1294 801 1464 837 aetatem
1495 811 1608 836 suam
1636 798 1742 837 diea-

179 850 376 889 cissimam
410 851 597 902 appellat:
643 864 773 902 quom.
810 851 898 890 hist.
944 865 1092 891 conscr.
1124 852 1150 889 4
1181 851 1337 898 Καύτὸς
1377 854 1444 890 οὖν
1475 883 1482 890 .
1516 883 1523 889 .
1556 883 1564 890 .
1601 852 1652 898 ὡς
1688 853 1741 904 μὴ

180 904 292 956 μόνος
314 906 466 956 ἄφωνος
495 905 577 955 εἴην
599 905 638 943 ἐν
659 906 780 958 τούτῳ
810 906 1026 958 πολυφώνῳ
1051 912 1105 958 τῷ
1134 912 1261 958 καιρῷ
1280 920 1318 945 κ.
1339 920 1371 944 τ.
1393 905 1473 956 m>
1515 905 1575 945 Ne
1595 910 1743 946 temere

177 959 424 997 recitationes
462 959 636 1008 audiant,
673 960 876 1011 Epictetus
910 960 1123 1012 discipulos
1155 965 1306 999 monet:
1345 974 1449 999 man.
1477 961 1617 1003 33.11.
1674 960 1743 1007 Εἰς

178 1013 390 1064 ἀκροάσεις
417 1019 530 1052 τινῶν
561 1014 613 1065 μὴ
644 1014 732 1064 εἰκῆ
764 1015 865 1066 μηδὲ
895 1014 1036 1067 ῥᾳδίως
1072 1015 1214 1066 πάριθι
1232 1035 1240 1043 ·
1266 1016 1418 1066 παριὼν
1452 1015 1496 1053 δὲ
1524 1017 1568 1053 τὸ
1599 1017 1741 1066 σεμνὸν

176 1068 245 1105 καὶ
273 1069 316 1105 τὸ
346 1068 540 1114 εὐσταθὲς
568 1069 636 1106 καὶ
666 1069 894 1121 ἀνεπαχθὲς
922 1069 1113 1120 φύλασσε.

305 1121 462 1160 Deinde
490 1126 623 1161 noster
650 1122 698 1161 iis
725 1123 899 1167 insultat,
933 1124 1000 1175 qui
1034 1124 1132 1162 tales
1160 1136 1298 1162 versus
1333 1127 1401 1162 aut
1434 1124 1740 1162 declamationes

175 1175 280 1226 turpi
299 1176 524 1216 adulatione
544 1176 841 1229 applaudunt.3)
887 1178 999 1217 Idem
1022 1178 1221 1217 Lucianus
1245 1191 1291 1217 ac
1318 1179 1469 1218 Seneca
1493 1179 1732 1230 vituperant:

174 1230 219 1268 L.
241 1230 292 1268 ad
323 1231 403 1269 ind.
426 1232 448 1268 7
489 1233 532 1269 τὸ
573 1233 667 1270 αὐτὸ
714 1232 764 1283 δὴ
794 1233 863 1271 καὶ
892 1234 940 1271 σὺ
970 1233 1137 1285 πάσχων
1166 1234 1240 1284 οὐχ
1268 1233 1371 1285 ὁρᾷς,
1402 1233 1547 1272 ὁπόταν
1587 1235 1631 1271 τὸ
1662 1233 1737 1284 μὲν

175 1283 317 1336 βιβλίον
346 1286 386 1324 ἐν
405 1291 453 1336 τῇ
473 1286 574 1337 χειρὶ
600 1287 695 1337 ἔχῃς
714 1286 973 1337 πάγκαλον4),
1000 1294 1203 1338 πορφυρᾶν
1226 1288 1294 1338 μὲν
1321 1289 1411 1339 ἕχον
1435 1287 1507 1337 τὴν
1528 1286 1734 1338 διφθέραν,

173 1340 321 1390 χρυσὸν
362 1339 405 1377 δὲ
444 1342 509 1378 τὸν
550 1339 737 1391 ὀμφαλόν,
780 1340 1081 1392 ἀναγιγνώσκῃς
1120 1341 1164 1379 δὲ
1205 1343 1298 1379 αὐτὸ
1339 1339 1627 1393 βαρβαρίζων5)
1668 1342 1738 1379 καὶ

173 1394 448 1445 καταισχύνων
488 1395 557 1431 καὶ
596 1394 852 1445 διαστρέφων,
900 1396 977 1433 ὑπὸ
1024 1396 1092 1446 μὲν
1139 1400 1215 1434 τῶν
1255 1395 1574 1446 πεπαιδευμένων
1614 1408 1738 1433 κατα-

172 1446 403 1499 γελώμενος,
439 1448 514 1486 ὑπὸ
546 1448 589 1486 δὲ
614 1453 691 1486 τῶν
722 1447 910 1495 ξυνόντων
941 1462 1002 1487 σοι
1027 1449 1211 1488 κολάκων
1238 1450 1523 1501 ἐπαινούμενος.
1573 1449 1622 1487 cf.
1644 1449 1736 1488 Juv.

173 1501 266 1543 3.86
283 1514 340 1552 sq.
395 1501 526 1541 Etiam
554 1501 790 1541 Plutarchus
824 1508 863 1541 et
888 1502 1091 1554 Epictetus
1125 1516 1193 1543 eos
1226 1504 1369 1543 acriter
1400 1504 1638 1554 vituperant,
1671 1504 1740 1555 qui

173 1555 243 1594 has
280 1556 530 1596 recitationes
569 1556 652 1596 sive
692 1561 898 1608 poetarum
938 1558 1020 1597 sive
1060 1558 1324 1610 sophistarum
1364 1558 1568 1597 audientes
1606 1559 1738 1610 inepte

172 1607 403 1649 exclament.
412 1610 445 1659 ⁶)
492 1610 662 1649 Maxime
690 1611 720 1649 J
720 1612 899 1651 uvenalis
926 1612 974 1650 iis
998 1612 1193 1661 irascitur,
1222 1613 1364 1664 quibus
1391 1613 1508 1651 turba
1538 1612 1738 1651 clientium

172 1668 211 1702 et
237 1663 468 1704 libertorum
493 1665 669 1717 sportula
697 1669 766 1705 aut
784 1679 883 1706 cena
901 1666 1107 1717 conducta,
1136 1667 1315 1719 quamvis
1334 1667 1506 1719 imperiti
1534 1670 1573 1706 et
1591 1666 1739 1706 indocti

172 1719 260 1767 sint,
304 1720 496 1761 carmina*
520 1720 584 1758 vel
627 1721 823 1760 orationes
852 1722 1075 1761 declamare
1103 1719 1222 1761 ‘libet
1278 1722 1328 1761 cf.
1373 1724 1410 1761 7.
1423 1734 1462 1765 41
1481 1736 1558 1773 sq.;
1605 1722 1667 1761 13.
1680 1732 1735 1764 32.

173 1773 297 1812 Simili
331 1774 449 1813 modo
483 1774 683 1813 Lucianus
716 1776 758 1814 in
793 1788 840 1814 eo
874 1776 988 1825 libro,
1028 1789 1106 1827 quo
1142 1777 1344 1816 rhetorum
1383 1777 1513 1815 studia
1552 1780 1737 1824 artesque

170 1828 341 1868 maxime
359 1828 475 1868 ludos
489 1828 596 1879 facit,
618 1830 829 1870 clamorem
849 1830 1110 1884 plausumque
1130 1831 1355 1872 auditorum
1374 1832 1429 1871 ita
1449 1831 1736 1884 comparandos

171 1896 256 1922 esse
275 1883 405 1922 faceta
424 1885 734 1924 dissimulatione
754 1899 848 1924 usus
873 1887 1043 1938 exponit.
1055 1886 1088 1935 ⁷)
1135 1886 1385 1938 Quamquam
1410 1890 1544 1926 satura
1567 1887 1735 1937 septima

170 1950 193 1975 a
220 1937 397 1977 diatribis
424 1938 745 1990 philosophorum
775 1940 982 1991 discrepat,
1011 1944 1144 1979 tamen
1171 1941 1235 1979 hic
1254 1941 1445 1979 nonnulla
1472 1941 1734 1992 reperiuntur,

170 2005 272 2042 quae
309 1992 349 2030 in
384 1992 462 2031 illis
502 2006 658 2044 quoque
691 1998 891 2033 occurunt.
953 1994 1007 2033 Ut
1033 1993 1253 2043 Demonax,
1295 2009 1371 2046 quo
1363 1999 1494 2087 udum
1534 1994 1733 2033 neminem

168 2045 445 2097 philosophum
473 2047 679 2086 clariorem
713 2047 834 2086 fuisse
861 2048 1101 2099 biographus
1132 2049 1295 2087 nimiam
1323 2049 1362 2087 la-
1418 2062 1481 2087 em
1514 2048 1733 2087 attribuens

169 2100 378 2150 existimat,
407 2101 532 2140 malos
556 2105 761 2153 poetarum
785 2115 922 2141 versus
946 2103 1244 2154 reprehendisse
1264 2103 1422 2142 dieitur:
1453 2115 1537 2154 cap.
1559 2103 1611 2141 44
1632 2101 1730 2152 (12).

169 2153 217 2191 ef.
248 2154 343 2192 Juv.
381 2155 417 2192 7.
431 2165 474 2196 38
489 2168 546 2205 sq.
602 2154 714 2193 Idem
741 2159 894 2194 veteres
928 2159 967 2194 et
1000 2157 1174 2207 insignes
1208 2160 1355 2207 poetas,
1390 2169 1488 2207 quos
1522 2156 1733 2195 Juvenalis

169 2220 326 2258 quoque
353 2207 540 2259 laudatss),
569 2209 774 2261 permagni
802 2209 977 2261 putabat.
1008 2209 1057 2249 cf.
1088 2222 1173 2262 cap.
1194 2212 1231 2249 4.
1240 2209 1272 2259 ⁹)

292 2262 483 2302 Acerbius
526 2263 763 2303 rhetorum
803 2268 843 2303 et
881 2266 1291 2316 grammaticorum
1332 2264 1544 2316 ineptiae
1583 2265 1731 2317 impro-

166 2315 385 2368 bantur¹⁰);
414 2330 543 2371 neque
571 2318 676 2358 enim
704 2318 744 2357 in
773 2318 848 2358 hac
888 2323 1022 2359 satura
1061 2320 1102 2370 ii,
1145 2320 1213 2372 qui
1251 2320 1406 2359 labores
1450 2320 1731 2372 magistrorum

301 2413 333 2452 l)
357 2413 400 2446 cf.
426 2415 479 2445 1.1
494 2422 545 2455 sq.
570 2412 600 2445 3.
614 2418 639 2444 9.
663 2416 738 2447 7.ae
754 2423 805 2457 sq.
829 2419 862 2445 82
877 2424 929 2458 sq.

296 2456 331 2496 2)
355 2456 399 2490 cf.
422 2456 503 2491 Juv.
529 2459 557 2490 1.
571 2461 586 2486 1
602 2465 653 2499 sq.
670 2456 685 2499 <
700 2459 750 2492 15.
764 2463 820 2489 110.
835 2457 849 2500 >

296 2500 331 2540 3)
355 2503 435 2533 3.90.
566 2501 606 2540 4)
631 2500 674 2534 cf.
700 2502 821 2544 2.5sq.
953 2502 986 2542 5)
1011 2503 1056 2537 cf.
1079 2503 1150 2543 3,90
1162 2512 1214 2545 sq.

296 2545 331 2583 6)
354 2543 444 2577 Plut
470 2542 551 2576 aud.
568 2545 661 2585 poet.
687 2547 741 2584 15;
765 2544 811 2578 de
835 2554 873 2579 se
888 2545 953 2588 ips.
978 2546 1067 2580 citra
1089 2546 1163 2579 inv.
1185 2546 1281 2580 laud.
1305 2547 1344 2579 12
1369 2547 1416 2589 (p.
1439 2547 1552 2587 543E)
1560 2560 1569 2588 3
1593 2547 1656 2590 Ep.
1670 2547 1729 2581 III.

166 2587 265 2618 2332.
398 2588 432 2626 7)
456 2586 546 2621 rhet.
569 2595 686 2629 praec.
709 2589 748 2621 21
775 2588 834 2629 (cf.
859 2588 973 2632 Epict.
995 2589 1054 2624 111.
1079 2589 1194 2630 2327).
1331 2589 1366 2630 8)
1391 2592 1531 2633 7.53sq;
1557 2592 1664 2625 11.1so
1677 2600 1729 2634 sq.

296 2628 330 2671 9)
354 2629 468 2664 Malae
484 2630 704 2667 condicionis
724 2640 844 2666 rerum
866 2632 1081 2676 scriptorum
1096 2633 1307 2667 Juvenalem
1329 2633 1475 2668 miseret
1491 2645 1549 2668 vv.
1566 2635 1727 2668 98—104.

164 2672 238 2706 Nec
261 2682 346 2707 vero
369 2674 447 2707 sine
468 2674 616 2708 irisione
638 2675 728 2709 haec
751 2676 997 2711 misericordia
1020 2678 1085 2718 est,
1113 2686 1195 2711 cum
1218 2686 1340 2710 eorum
1367 2677 1525 2712 furorem
1549 2678 1730 2712 scribendi

164 2715 306 2758 illudat,
330 2727 436 2759 quem
460 2717 594 2752 Seneca
616 2728 758 2762 quoque
780 2720 1000 2762 praeteriens
1027 2721 1141 2763 carpit
1164 2730 1217 2762 ep.
1234 2721 1285 2754 95.
1299 2726 1333 2754 2.

301 2760 355 2801 10)
379 2771 438 2794 vv.
466 2761 528 2794 150
540 2770 591 2803 sq.
617 2762 675 2803 (cf.
701 2767 782 2803 l.16;
811 2765 900 2797 1622
912 2764 991 2806 sq.).
