1980 3097
213 269 430 322 nequitiam
478 268 716 308 feminarum
764 282 813 308 ne
860 270 1029 309 civitatis
1072 269 1230 322 quidem
1279 270 1416 309 salutis
1458 281 1578 309 cauea
1619 282 1783 309 uxorem

214 325 436 363 ducendam
467 337 553 363 esse
582 329 717 363 censet
744 338 780 362 v.
803 324 872 364 38:

475 398 555 438 Sed
578 399 714 448 placet
742 398 904 438 Ursidio
935 398 1002 437 lex
1030 398 1160 448 Julia,
1192 398 1328 438 tollere
1358 399 1516 439 dulcem

476 452 622 504 coyitat
651 452 835 492 heredem
863 468 944 506 eqs.

213 531 320 574 Quot
334 531 555 582 philosophi
570 532 626 570 sic
640 531 799 582 nuptias
813 531 1188 580 commendaverint,
1200 529 1424 570 Wendland
1435 530 1465 578 1)
1478 536 1518 570 et
1530 529 1783 578 Praechterss)

213 585 432 624 luculenter
447 585 714 624 ostenderunt.
754 585 837 624 Nec
851 598 946 624 vero
963 584 1130 638 Cynicos
1144 585 1398 637 philosophos
1412 585 1488 625 hoc
1502 589 1781 638 argumentum

212 639 442 691 probavisse
471 652 520 678 ex
539 640 708 691 epistula
736 641 787 678 47
817 639 1011 692 Diogenis
1038 640 1238 692 personati
1267 643 1442 691 apparet.
1452 639 1487 689 3)
1533 641 1635 680 Item
1654 639 1784 680 Theo-

212 694 396 745 phrastus
430 694 588 746 nuptiae
623 693 844 734 dissuadet:
884 695 974 734 Seu.
1012 692 1060 733 fr.
1089 695 1152 734 58.
1210 691 1342 732 Porro
1371 691 1590 732 liberorum
1617 695 1779 744 causa4)

212 759 383 786 uxorem
411 747 569 797 ducere,
600 750 646 786 ut
673 747 735 786 vel
763 760 909 787 nomen
937 750 1121 787 nostrum
1157 760 1239 786 non
1268 745 1441 786 intereat
1467 747 1530 786 vel
1563 747 1783 788 habeamus

211 800 428 842 senectutis
471 801 685 852 praesidia
730 804 767 840 et
811 801 929 841 certis
979 804 1145 841 utamur
1198 800 1422 851 heredibus,
1471 801 1782 842 stolidissimum

212 859 270 895 est
300 855 401 896 etc.⁶
450 879 501 885 --

345 856 490 957 Qu)am
512 925 649 952 rarae
669 912 983 965 sintpudicae
999 912 1227 951 mulieres
1242 911 1414 951 affirmat
1426 912 1614 965 vv.48sq.
1636 913 1779 966 162sq.

339 990 414 1028 163
474 1017 728 1027 .......
759 987 949 1026 intactior
979 987 1087 1026 omni

473 1040 653 1080 crinibus
683 1041 823 1093 effusis
853 1041 1001 1081 bellum
1029 1040 1243 1080 dirimente
1272 1039 1438 1090 Sabina,

474 1109 573 1134 rara
603 1095 688 1135 avis
716 1096 761 1134 in
791 1095 911 1134 terris
939 1095 1134 1146 niyroque
1161 1094 1373 1134 simillima
1402 1108 1534 1146 cyeno.

212 1172 260 1210 cf.
298 1172 389 1211 Sen.
425 1172 472 1211 fr.
502 1173 550 1212 57
587 1171 624 1210 si
664 1171 766 1210 bona
798 1170 927 1221 fuerit
964 1174 1001 1210 et
1034 1169 1172 1210 suavis
1207 1183 1326 1220 rustor,
1367 1183 1469 1220 quae
1509 1173 1643 1210 tamen
1677 1183 1777 1210 rara

212 1225 297 1264 avis
327 1229 385 1264 est
414 1226 529 1274 etc.⁶)

341 1281 388 1319 In
418 1281 612 1329 domibus,
643 1281 708 1319 ubi
739 1285 884 1319 matres
918 1281 1045 1320 omnis
1074 1281 1234 1331 pudoris
1268 1284 1447 1332 expertes
1483 1284 1659 1332 apertam
1688 1293 1778 1319 cum

212 1335 384 1374 moechis
415 1335 738 1374 consuetudinem
767 1335 951 1383 habeant,
981 1335 1247 1386 virginitatem
1272 1335 1491 1386 puellarum
1521 1335 1671 1374 servari
1698 1348 1778 1374 non

212 1404 326 1441 posse
342 1390 420 1429 Dio
436 1391 606 1442 explicat
622 1390 698 1428 VII
719 1392 793 1428 142
815 1404 852 1442 p.
872 1391 943 1429 141
966 1390 1014 1428 D.
1032 1389 1211 1429 similiter
1225 1403 1271 1429 ac
1286 1390 1311 1429 J
1315 1389 1494 1429 uvenalis
1513 1391 1636 1439 1425,
1654 1391 1690 1428 6.
1700 1400 1778 1432 239.

473 1464 633 1503 Scilicet
661 1458 882 1515 exspectas,
916 1466 959 1502 ut
988 1464 1125 1502 tradat
1153 1466 1283 1503 mater
1311 1463 1493 1503 honestos

470 1522 586 1568 atque
618 1519 717 1558 alios
745 1531 875 1558 mores
903 1531 1026 1568 quam
1053 1531 1150 1567 quos
1180 1517 1322 1557 habet?
1350 1518 1459 1570 etc.⁹)

343 1596 476 1635 Unum
505 1597 633 1635 virum
665 1597 894 1635 mulieribus
923 1596 1104 1635 sufficere
1133 1600 1300 1646 negatur
1328 1609 1364 1634 v.
1396 1596 1447 1635 53
1467 1609 1524 1647 sq.

527 1671 643 1711 Unus
671 1670 895 1710 Hiberinae
925 1670 987 1709 vir
1016 1669 1201 1720 sufficit?
1230 1669 1339 1710 ocius
1367 1670 1474 1709 illud

527 1725 792 1775 extorquebis,
822 1729 869 1764 ut
898 1725 993 1765 haec
1022 1725 1132 1764 oculo
1162 1728 1347 1765 contenta
1375 1725 1429 1765 sit
1456 1739 1550 1766 uno.

209 1803 319 1843 Idem
365 1803 516 1843 Seneca
550 1804 788 1843 lamentatur
822 1804 909 1843 ben.
947 1802 1008 1842 III
1047 1804 1140 1841 16.2
1176 1816 1232 1854 sq.
1290 1800 1404 1840 Num
1438 1800 1538 1851 quid
1570 1800 1655 1841 iam
1688 1801 1777 1841 ulla

209 1856 378 1906 repudio
408 1856 615 1906 erubescit,
646 1860 857 1908 postquam
884 1856 1079 1894 inlustres
1109 1855 1308 1904 quaedam
1348 1867 1394 1894 ac
1421 1855 1572 1894 nobiles
1599 1855 1776 1905 feminae

209 1924 290 1950 non
325 1911 537 1951 consulum
571 1924 751 1962 numero,
789 1911 860 1951 secl
892 1909 1136 1950 maritorum
1171 1922 1298 1949 annos
1331 1922 1426 1950 suos
1468 1912 1702 1961 computant
1738 1912 1776 1949 et

209 1969 360 2004 exeunt
398 1966 651 2004 matrimonii
688 1978 823 2014 causa,
860 1966 1019 2004 nubunt
1052 1964 1243 2014 repudii?
1270 1996 1278 2003 .
1313 1994 1321 2001 .
1355 1996 1362 2003 .
1396 1996 1403 2003 .
1440 1978 1562 2014 quam
1595 1964 1776 2004 invenies

209 2023 290 2059 tam
324 2019 528 2070 miseram,
568 2022 651 2059 tam
684 2019 903 2069 sordidam,
939 2022 986 2058 ut
1019 2018 1082 2058 illi
1109 2018 1210 2058 satis
1244 2018 1298 2057 sit
1331 2031 1462 2058 unum
1497 2019 1775 2059 adulterorum

202 2088 296 2124 par,
328 2075 410 2114 nisi
438 2074 613 2125 sinyulis
641 2075 780 2115 divisit
809 2074 955 2114 horas?
984 2074 1041 2113 Et
1068 2087 1150 2113 non
1177 2073 1333 2124 sufficit
1356 2073 1442 2113 dies
1468 2073 1662 2125 omnibus,
1692 2073 1775 2114 nisi

209 2129 320 2179 apud
360 2129 488 2168 alium
526 2132 683 2180 qestata
734 2132 803 2179 est,
856 2129 968 2179 apud
1018 2128 1144 2167 alium
1195 2128 1347 2167 mansit
1386 2134 1459 2168 etc.
1469 2128 1503 2179 ⁷)
1560 2130 1775 2169 Innumera

208 2186 446 2224 adulteria
467 2199 518 2224 ac
536 2186 739 2225 divortia
756 2189 941 2225 notantur
962 2198 985 2224 a
1000 2184 1195 2223 Juvenale
1220 2186 1279 2224 10.
1297 2193 1373 2233 220,
1399 2186 1459 2224 14.
1477 2195 1532 2232 26,
1553 2186 1588 2223 6.
1604 2195 1769 2228 224—30.

299 2263 376 2300 229
437 2292 443 2298 .
477 2290 484 2297 .
518 2291 525 2298 .
559 2292 566 2300 .
597 2259 655 2299 sic
682 2260 789 2309 fiunt
819 2263 900 2299 octo
929 2258 1070 2298 mariti

432 2314 609 2364 quinque
634 2328 711 2364 per
741 2318 970 2363 autumnos,
1002 2313 1118 2352 titulo
1148 2326 1212 2351 res
1241 2313 1365 2363 diqna
1393 2313 1581 2362 sepulcri.

340 2391 496 2436 Quanto
517 2405 673 2431 amore
690 2392 928 2431 hominum
945 2392 1146 2430 maxime
1163 2394 1534 2443 contemptorum
1550 2391 1777 2430 mulieres

208 2446 538 2497 incendantur,
568 2448 735 2499 legimus
764 2461 811 2486 w.
844 2447 1044 2487 63—113.
1094 2447 1142 2485 cf.
1175 2446 1408 2495 379—3973
1446 2446 1536 2485 356.
1549 2445 1581 2495 ⁸)
1643 2446 1774 2486 Salta-

344 2554 374 2591 1)
398 2554 459 2588 Ph.
485 2557 549 2589 etc.
573 2566 606 2597 p.
623 2557 665 2589 33
679 2565 730 2598 sq.

338 2598 373 2638 2)
399 2598 491 2630 Hier.
517 2608 547 2640 p.
566 2601 665 2641 678q.
842 2598 876 2637 3)
901 2599 945 2632 cf.
971 2598 1081 2640 Epict.
1108 2599 1169 2631 111.
1193 2600 1293 2631 2267.
1473 2599 1511 2633 4)
1537 2598 1580 2631 cf.
1604 2599 1683 2631 6.39.

338 2642 372 2681 5)
397 2641 440 2675 cf.
466 2641 544 2675 Seu.
568 2642 610 2675 fr.
627 2643 678 2676 85.
783 2643 816 2682 6)
841 2642 884 2676 cf.
909 2642 951 2676 fr.
965 2644 1016 2676 60.
1034 2643 1084 2675 79.
1109 2642 1207 2682 (rem.
1234 2644 1283 2676 16.
1295 2643 1336 2682 3).
1441 2641 1472 2684 7)
1497 2641 1541 2676 cf.
1565 2651 1650 2675 rem.
1677 2643 1726 2675 16.
1744 2647 1774 2674 5.

338 2687 372 2725 8)
397 2685 438 2719 cf.
467 2695 499 2718 v.
527 2687 600 2719 217.
788 2687 821 2727 9)
846 2696 879 2719 v.
902 2696 933 2728 p.
959 2687 999 2719 26
1024 2686 1082 2725 (de
1105 2686 1228 2720 liberis
1253 2686 1448 2720 educandis
1472 2686 1516 2719 cf.
1541 2685 1636 2719 Stob.
1660 2685 1701 2718 11.
1717 2687 1773 2718 31-

206 2729 255 2761 W.
280 2739 312 2771 p.
333 2731 393 2762 199
411 2729 513 2771 sqq.)
