1980 3097
888 156 1162 198 --89-μ

210 292 403 338 tenerent,
438 292 482 326 ut
516 288 634 326 etiam
669 287 711 326 in
739 291 948 339 utramque
976 293 1127 339 partem
1157 289 1357 340 disputare
1386 302 1464 327 non
1493 291 1735 327 vererentur.
1746 283 1776 335 ¹)

209 345 364 383 Tamen
400 342 520 381 etiam
553 342 594 380 hi
629 342 838 393 sophistae,
879 342 959 393 qui,
999 346 1043 380 ut
1079 343 1278 394 placerent
1314 343 1567 392 multitudini,
1609 342 1777 382 orationi

211 398 337 449 magis
375 409 537 448 operam
574 396 723 435 dabant
761 409 880 447 quam
916 396 1047 445 rebus,
1085 419 1136 424 —
1174 398 1278 448 quod
1313 398 1464 436 Seneca
1500 402 1539 436 et
1572 396 1775 448 Epictetus

210 453 352 491 acerbe
380 449 659 502 improbant‚²)
690 471 739 476 —
770 450 845 502 ipsi
871 450 1096 502 philosophi
1124 453 1343 503 nuncupari
1370 452 1564 490 volebant.

344 515 540 554 Rhetores
582 516 702 567 igitur
741 516 955 555 sententias
997 516 1249 567 philosophas
1291 518 1355 555 vel
1396 519 1564 556 morales
1607 517 1775 556 orationi

210 574 372 610 ornatus
421 583 540 608 causa
585 571 870 609 immiscebant.
947 569 1095 609 Contra
1141 570 1407 622 philosophi
1457 572 1775 622 eloquentiam

211 625 566 676 coniungebant
595 638 695 664 cum
725 625 981 677 sapientia,
1011 628 1056 664 ut
1082 626 1210 677 magis
1239 626 1390 664 animos
1415 625 1657 664 audientium
1686 639 1775 677 per-

210 684 429 729 moverent,
476 679 516 718 id
564 680 668 731 quod
714 680 1025 719 luculentissime
1069 679 1243 719 Senecae
1291 693 1411 730 opera
1452 680 1732 719 demonstrant.
1743 679 1774 727 3)

211 733 333 774 Cuius
363 747 564 773 sermones
592 738 630 773 et
659 735 846 787 epistulas
875 735 1018 774 saturis
1048 733 1239 774 Romanis
1278 747 1356 773 non
1391 747 1480 773 raro
1516 734 1661 774 similes
1690 747 1776 774 esse

209 789 409 828 Henricus
437 788 585 828 Weber
614 790 798 841 cognovit
825 793 865 828 et
893 790 1113 841 suspicatus
1150 793 1211 828 est
1246 802 1295 827 ex
1330 802 1520 827 consensu
1549 789 1704 828 Horatii
1738 794 1777 828 et

211 844 385 882 Senecae
427 844 545 882 etiam
588 844 693 882 hunc
735 844 860 883 multa
901 844 1046 882 debere
1088 843 1205 882 Bioni
1248 843 1410 894 eiusque
1457 856 1581 893 genus
1622 843 1777 881 dicendi

164 919 166 921 ·
209 897 368 936 imitari.
427 897 541 941 Quod
583 911 679 936 num
726 902 832 937 recte
875 899 925 937 sit
964 897 1179 937 iudicatum
1222 898 1395 936 maxima
1435 896 1626 935 dubitatio
1669 902 1738 935 est.
1749 897 1777 946 4)

208 951 292 990 Nec
323 952 460 1002 ,magis
501 951 737 991 Juvenalem
777 965 801 991 a
839 951 964 991 Bione
1004 952 1090 1003 ipso
1130 952 1303 1003 pendere
1338 951 1599 990 demonstrari
1636 955 1777 1001 potest,

210 1018 450 1056 quamquam
480 1006 617 1044 eodem
647 1007 729 1045 fere
759 1019 903 1057 genere
933 1006 1090 1045 dicendi
1121 1006 1254 1053 utitur,
1280 1006 1385 1057 quod
1411 1005 1557 1043 Weber
1586 1005 1778 1043 Bioneum

208 1064 335 1099 vocat.
396 1060 534 1111 Neque
569 1061 674 1099 enim
708 1060 871 1099 dubium
907 1065 977 1110 est,
1013 1060 1107 1112 quin
1142 1061 1311 1099 diatriba
1344 1060 1423 1107 illa,
1458 1060 1569 1098 cuius
1597 1060 1779 1098 inventor

208 1113 282 1153 Bio
302 1113 580 1166 Borysthenita
599 1119 771 1166 putatur,
792 1116 902 1154 brevi
922 1129 946 1154 a
960 1115 1093 1153 multis
1107 1115 1350 1166 philosophis
1366 1115 1533 1153 moralia
1548 1113 1775 1152 disserenti-

208 1170 282 1208 bus
311 1172 469 1220 recepta
498 1173 537 1207 et
564 1183 634 1221 pro
664 1170 822 1221 ingenio
853 1170 1160 1220 uniuscuiusque
1185 1173 1336 1208 mutata
1364 1169 1423 1207 sit.
1435 1167 1469 1218 ⁵)
1518 1168 1616 1207 Eam
1643 1172 1776 1207 autem

209 1223 433 1273 dictionem,
482 1237 583 1275 quae
638 1224 796 1263 omnino
849 1224 1107 1264 diatribarum
1153 1224 1405 1276 popularium
1451 1223 1775 1275 philosophorum

208 1278 368 1329 propria
397 1282 468 1326 est,
498 1279 615 1317 etiam
645 1292 669 1317 a
695 1279 890 1317 {Iuvenale
919 1279 1136 1317 adhibitam
1165 1292 1250 1317 esse
1280 1279 1396 1316 facile
1424 1278 1712 1327 intellegemus,
1743 1279 1775 1315 si

209 1331 500 1380 contulerimus,
532 1332 626 1383 quid
655 1332 880 1371 Wendland
909 1333 958 1371 de
987 1336 1130 1371 natura
1158 1332 1349 1371 diatribae
1382 1331 1677 1384 philosophicae
1707 1345 1773 1371 ex-

207 1387 424 1438 plicaverit.
483 1386 626 1438 Incipit
653 1386 826 1438 primum
855 1391 972 1439 caput
1000 1387 1285 1426 dissertationis
1314 1388 1374 1425 his
1401 1387 1548 1425 verbis:

341 1483 491 1533 „Unter
511 1484 581 1523 der
600 1484 946 1537 philosophischen
965 1484 1146 1524 Diatribe
1165 1484 1346 1524 verstehe
1371 1485 1433 1523 ich
1460 1485 1523 1523 die
1548 1485 1588 1523 in
1617 1497 1773 1535 zwang-

180 1539 345 1586 tlosem,
388 1539 558 1577 leichten
601 1539 894 1590 Gespraohston
937 1540 1156 1591 gehaltene,
1206 1541 1466 1590 abgegrenzte
1512 1539 1774 1589 Behandlung

208 1593 316 1631 eines
346 1592 546 1631 einzelnen
578 1593 933 1645 philosophischen,
969 1594 1084 1632 meist
1118 1593 1320 1633 ethischen
1355 1594 1501 1632 Satzes.
1555 1592 1639 1632 Der
1672 1596 1774 1631 erste

208 1647 411 1686 Vertreter
451 1648 579 1686 dieser
619 1648 864 1687 besonderen
902 1648 1272 1700 Literaturgattung
1307 1679 1315 1687 .
1349 1679 1357 1686 .
1390 1678 1398 1686 .
1432 1679 1440 1686 .
1479 1649 1530 1686 ist
1566 1648 1666 1686 Bion
1704 1647 1775 1685 der

207 1700 497 1752 Borysthenite.
546 1702 620 1740 Ein
650 1706 824 1741 ausserst
852 1702 1093 1754 lebendiger,
1125 1702 1181 1741 oft
1210 1702 1334 1741 durch
1363 1702 1522 1741 Anrede
1550 1702 1621 1740 der
1644 1701 1775 1740 Horer

207 1756 304 1795 oder
346 1756 470 1795 durch
513 1755 765 1808 Einfi‘ihrung
805 1757 1009 1809 fingierter
1051 1756 1212 1809 Gegner
1258 1757 1355 1796 oder
1393 1756 1774 1796 Personifikationen

207 1811 425 1860 dialogisch
445 1812 673 1861 gestalteter
694 1811 879 1862 Vortrag,
899 1812 986 1849 eine
1006 1812 1255 1862 vorwiegend
1277 1811 1514 1863 polemische
1534 1809 1772 1858 Tendenz⁶)‚

207 1864 271 1905 ein
293 1865 544 1904 fiberreicher
564 1865 764 1904 Schmuck
783 1878 861 1904 von
881 1865 1034 1905 Versen
1055 1866 1125 1905 der
1145 1865 1512 1917 Lieblingsdichter,
1538 1865 1601 1904 ein
1626 1865 1772 1904 ebenso

207 1920 441 1959 reichlicher
469 1918 681 1959 Gebrauch
715 1934 791 1959 von
823 1921 1128 1972 Apophtegmen
1161 1921 1242 1959 und
1271 1921 1519 1967 Anekdoten,
1554 1921 1642 1958 eine
1671 1920 1771 1958 Vor-

206 1974 309 2012 liebe
338 1974 402 2012 ffir
431 1974 584 2025 witzige
612 1974 781 2013 Pointen
811 1975 890 2013 und
920 1975 1168 2023 Antithesen,
1203 1975 1268 2013 fur
1303 1978 1396 2013 stets
1425 1973 1627 2022 treffende,
1663 1973 1773 2011 nicht

207 2028 348 2067 immor
376 2028 571 2080 gewahlte
599 2029 848 2081 Vergleiche,
883 2029 981 2068 kurz
1016 2030 1079 2068 ein
1109 2029 1292 2081 Vortrag,
1327 2029 1367 2068 in
1397 2029 1513 2068 allem
1547 2028 1772 2075 berechnet,

207 2082 271 2120 die
290 2082 432 2133 Menge
460 2096 507 2121 zu
536 2083 690 2133 packen
719 2084 800 2121 und
828 2096 876 2121 zu
905 2084 1062 2128 fesselu,
1094 2084 1193 2122 dazu
1218 2085 1279 2122 ein
1308 2083 1393 2128 Stil,
1419 2083 1489 2120 der
1512 2083 1635 2121 durch
1661 2082 1772 2120 Satz-

205 2136 349 2188 losung
385 2137 466 2176 und
507 2136 795 2188 Bevorzugung
833 2137 905 2176 der
942 2137 1137 2177 Par-ataxe
1178 2138 1385 2177 scheinbar
1423 2136 1493 2176 auf
1531 2137 1606 2176 alle
1645 2135 1773 2175 Mittel

208 2191 454 2229 kunstvoller
472 2191 584 2229 Rede
613 2191 838 2239 verzichtet,
867 2192 947 2230 und
978 2193 1049 2231 der
1076 2193 1176 2231 doch
1205 2193 1330 2230 hierin
1360 2191 1433 2229 wie
1462 2192 1515 2228 im
1535 2190 1772 2229 Gebrauche

341 2353 373 2392 l)
396 2352 576 2394 Max.Tyr.
586 2354 626 2386 21
641 2352 701 2391 (5.)
714 2354 772 2393 22;
784 2355 827 2387 29
839 2353 921 2394 (13.)
934 2355 992 2395 303
1006 2355 1047 2388 39
1060 2354 1141 2395 (23.)
1154 2355 1207 2388 40.
1220 2353 1434 2394 (cf.Hobein‚
1447 2351 1541 2386 deM.
1552 2351 1591 2386 T.
1604 2355 1665 2395 p.6
1678 2352 1771 2395 sqq.)

335 2397 370 2436 2)
395 2395 472 2430 Sen.
498 2406 551 2439 ep.
569 2398 620 2430 75.
630 2402 653 2427 5.
678 2414 718 2420 --
743 2397 805 2439 Ep.
821 2397 884 2431 ΙΙΙ.
901 2399 953 2431 23.

337 2441 372 2480 3)
395 2440 549 2478 Norden,
573 2441 643 2474 ant.
658 2440 829 2483 Kunstpr.
846 2441 861 2474 1
878 2442 940 2474 306
958 2450 1011 2483 sq.
1028 2459 1067 2464 —
1086 2441 1131 2474 cf.
1155 2439 1399 2478 Wachsmuth,
1422 2439 1558 2481 sillogr.
1580 2439 1637 2472 Gr.
1661 2442 1702 2473 68
1719 2449 1771 2482 sq.

207 2492 240 2514 v.
258 2482 709 2518 Wilamowitz-Moellend.
728 2484 848 2526 Antig.
870 2495 892 2517 v
921 2484 997 2518 Car.
1013 2486 1076 2518 307
1102 2485 1143 2518 E.
1159 2484 1296 2524 Weber,
1312 2482 1404 2516 stud.
1423 2482 1516 2525 Lips.
1537 2484 1608 2517 198.
1633 2483 1697 2517 208
1721 2493 1773 2525 sq.

206 2536 239 2559 v.
276 2527 419 2568 Arnim,
454 2527 519 2561 Dio
543 2538 575 2560 v.
610 2527 723 2561 Prusa
755 2529 826 2561 113.
878 2528 1081 2568 Praechter,
1116 2528 1210 2561 Hier.
1243 2527 1276 2560 d.
1306 2526 1354 2559 St.
1386 2536 1418 2567 p.
1451 2528 1509 2559 141
1537 2536 1589 2569 sq.
1644 2527 1772 2566 Hinel,

205 2569 240 2602 d.
268 2570 392 2612 Dialog
415 2570 456 2604 ΙΙ.
479 2573 554 2604 240.
601 2570 715 2604 Zeller
738 2570 790 2604 111
817 2570 850 2603 1³
873 2573 946 2605 816.
970 2589 1014 2593 —
1037 2571 1121 2612 (Cic.
1145 2573 1217 2604 nat.
1241 2570 1336 2603 deor.
1362 2569 1401 2601 ll.
1425 2569 1512 2608 148).

335 2613 371 2653 4)
395 2614 524 2655 Hirzel,
547 2614 638 2648 Dial.
662 2613 704 2648 11.
728 2614 771 2647 24

337 2659 372 2697 5)
397 2658 533 2698 Weber,
558 2658 602 2691 de
626 2658 705 2691 Sen.
730 2667 810 2699 gen.
834 2658 904 2692 dic.
930 2658 1026 2691 Bion.
1051 2660 1094 2691 54
1117 2668 1168 2699 sq·
1214 2656 1426 2696 Wendland,
1448 2657 1511 2690 Pll-
1537 2659 1604 2691 ete·
1628 2661 1647 2690 4

337 2701 371 2737 6)
408 2701 444 2734 In
481 2701 647 2735 omnibus
686 2701 818 2734 saturis
856 2701 1081 2735 adversarios
1119 2700 1291 2742 quosdam
1335 2700 1541 2742 impugnari
1580 2701 1771 2735 manifesto

205 2746 371 2785 apertum
398 2746 461 2779 est.
511 2745 635 2787 Itaque
656 2745 695 2778 in
719 2754 795 2778 eam
821 2754 896 2778 rem
920 2754 989 2779 non
1014 2744 1216 2778 accuratius
1239 2744 1429 2786 inquiram.
