1980 3097
966 198 1022 236 VI

213 326 441 360 obscoenitas
466 327 677 369 Cynicorum
703 328 738 361 et
763 327 960 362 Stoicorum
1029 327 1229 361 sententiae
1254 329 1295 360 99

254 373 284 411 ’7,
312 372 383 404 103.

209 437 376 476 parentes
399 435 523 469 liberis
540 435 622 468 odio
640 438 723 469 sunt
745 439 784 470 10
797 437 841 470 cf.
860 437 960 471 educ.

210 478 358 522 parodja
384 480 424 512 94

210 523 408 566 periurium
433 525 474 556 72

211 567 452 610 philosophia,
487 566 674 600 Juvenalis
709 569 825 600 aetate
868 570 895 608 1,
932 567 962 608 7,

255 610 343 653 quid
367 610 398 644 J.
428 611 473 644 de
503 620 545 644 ea
578 611 795 644 iudicaverit
818 613 849 652 3,
885 613 961 645 arte

255 655 412 687 oratoria
436 654 549 688 utitur
572 655 614 687 88
627 665 679 696 sq.

210 697 427 739 philosophi,
450 697 537 740 quid
553 697 818 739 disputaverint
840 702 865 738 l,
888 699 961 731 lau-

254 741 387 774 dantur
418 745 449 777 4.
482 742 553 782 103,
589 751 671 774 cum
701 741 850 775 medicis
881 751 962 775 con-

254 784 420 817 feruntur
443 786 462 817 5
476 794 527 826 sq.

211 828 371 869 potentia
394 829 435 860 47
451 837 503 869 sq.

211 871 418 947 proxLinciae
457 871 658 913 spoliantur
696 881 716 904 a
756 874 963 913 procurato-

255 915 285 947 ri
313 924 355 947 us
379 917 421 948 68

211 979 446 1013 recitationes
468 982 509 1012 75

211 1023 371 1055 rhetores
396 1024 437 1055 75

212 1067 346 1099 rustica
371 1066 446 1099 vita
469 1069 511 1100 90

212 1133 379 1165 senectus
403 1134 445 1166 53

213 1184 316 1208 senes
340 1175 526 1208 libidinosi
550 1176 591 1208 34

1029 372 1124 405 servi
1147 370 1293 414 superbi
1320 372 1368 410 13,
1399 379 1521 404 eorum
1544 371 1648 412 copia
1671 373 1712 405 26
1726 382 1778 415 sq.

1073 424 1204 456 magno
1228 416 1395 448 emuntur
1418 415 1471 454 27,
1501 414 1659 447 humane
1686 416 1778 448 trac-

1073 458 1175 492 tandi
1198 459 1250 491 38.

1029 503 1193 536 Socrates
1216 503 1247 543 3,
1271 503 1302 542 5,
1329 502 1378 542 17,
1403 503 1444 534 58

1030 545 1236 588 spectacula
1259 546 1300 579 62
1314 554 1364 588 sq.

1030 590 1148 624 Stoica
1171 589 1363 631 disciplina
1386 589 1481 631 apud
1505 589 1585 623 Juv.
1610 590 1641 628 3,
1672 590 1714 622 56
1727 599 1779 632 sq.

1074 633 1184 666 Stoici
1207 636 1247 666 ut
1268 633 1496 666 simulatores
1520 633 1744 673 castigantur
1759 636 1778 665 6

1030 677 1190 719 supellex
1219 678 1267 716 17,
1291 677 1333 710 ⁶24
1346 685 1397 718 sq.

1030 720 1238 763 superstitio
1263 721 1302 753 77
1317 729 1369 762 sq.
1410 734 1415 738 ·

1030 785 1271 827 temperantia
1297 787 1335 817 16

1030 828 1161 862 Thales
1185 830 1215 869 3,
1239 830 1259 861 5

1030 872 1176 913 tyranni
1199 874 1241 905 49

1030 936 1129 970 urbis
1153 936 1314 979 pericula
1336 938 1372 970 et
1395 936 1581 970 molestiae
1604 937 1641 969 31

1030 1003 1196 1077 volunta?
1220 1011 1333 1043 aeque
1357 1003 1463 1042 atque
1488 1001 1622 1034 factum
1640 1000 1774 1033 iudica-

1090 1054 1133 1078 ur
