1980 3097
869 128 1109 167 -38-

531 255 697 295 Interea
725 256 827 296 calet
855 260 892 296 et
921 260 1074 309 reynat,
1099 255 1308 308 poscitque
1338 271 1418 310 eqs.

393 312 471 351 206
529 310 575 351 Si
607 309 679 351 tibi
706 310 949 363 simplicitas
978 311 1140 364 uxoria,
1171 311 1332 352 deditus
1360 311 1436 352 uni

532 369 590 406 est
619 365 794 417 animus,
824 367 1030 406 summitte
1059 370 1183 418 caput
1212 366 1360 406 cervice
1385 370 1539 417 parata

531 420 639 471 ferre
667 420 811 472 iuyum
840 427 913 463 etc.
920 423 950 472 ¹)

335 509 613 568 Compei-anda
635 510 809 550 Senecae
828 512 952 551 verba
971 512 1017 550 fr.
1040 513 1109 550 52:
1140 508 1187 548 Si
1214 512 1339 548 totam
1367 509 1531 548 domum
1559 509 1776 559 reyendam

205 562 241 600 ei
267 561 526 611 commiseris,
556 562 815 601 serviendum
834 565 957 614 est2),·
985 563 1022 603 si
1043 562 1199 624 aliquid
1218 565 1286 602 tuo
1307 562 1475 602 arbitrio
1495 562 1773 612 reservaveris,

203 615 325 678 fidem
352 615 432 656 sibi
460 615 600 656 haberi
628 630 710 657 non
732 617 953 669 putabit⁸)‚
982 619 1053 659 sed
1082 617 1127 658 in
1157 616 1295 658 odium
1321 620 1499 657 vertetur
1520 629 1566 657 ac
1584 615 1772 669 iuryia4)‚

205 675 242 710 et
270 671 353 710 nisi
372 671 448 710 cito
478 672 743 721 consulueris,
768 673 938 721 parabit
962 686 1116 712 venena
1135 678 1207 712 ete.
1256 674 1368 712 Idem
1396 673 1474 712 alio
1502 672 1650 722 loeo-⁵).
1681 671 1775 710 Non

205 724 393 775 amicum,
415 726 564 785 inquit,
594 725 737 764 habere
762 738 993 778 possumus,
1024 739 1105 766 non
1132 726 1321 766 sodalem.
1381 724 1565 765 Alterius
1599 737 1775 765 amorem

203 792 327 819 suum
356 778 494 819 odium
522 779 770 830 suspicatur.
830 782 955 822 Plane
984 787 1206 834 congruunt
1228 783 1350 822 verba
1378 796 1469 821 cum
1496 782 1557 821 his
1577 782 1774 821 versibus:

393 868 472 907 214
537 901 544 908 .
578 899 585 906 .
619 899 626 908 .
660 899 668 908 .
699 867 768 907 ille
798 868 1043 908 excludatur
1073 867 1227 908 amicus

533 922 617 961 iam
646 922 792 972 senior,
823 922 940 962 cuius
970 923 1136 962 barbam
1164 926 1236 962 tua
1263 922 1392 962 ianua
1419 921 1522 961 vidit

206 976 309 1015 cf.v.
328 978 407 1016 510
421 991 476 1029 sq.
538 1008 545 1015 .
579 1008 587 1015 .
660 975 808 1016 amicos
837 976 1019 1028 coniuyis
1049 977 1132 1017 odit
1171 977 1175 1028 Ι
1214 979 1252 1016 et
1279 989 1435 1016 servos.-

205 1064 255 1103 cf.
276 1064 420 1103 Perict.
442 1078 504 1116 ap.
527 1065 582 1104 St.
604 1066 718 1108 85.19
739 1065 808 1113 (M.
824 1079 861 1116 p.
884 1066 977 1114 147)
1008 1066 1146 1104 ὁπόσοι
1176 1066 1387 1104 ἁνδάνουσι
1414 1065 1557 1116 τουτέῳ
1596 1063 1700 1115 (scil.
1720 1070 1776 1116 τῷ

206 1117 362 1170 ἀνδρὶ),
384 1119 576 1171 ἐχθαίρει.
609 1140 660 1145 -
691 1119 896 1164 Quomodo
916 1120 1153 1172 imperiosae
1173 1121 1213 1159 in
1233 1133 1368 1160 servos
1388 1119 1629 1172 ancillasque
1649 1119 1775 1159 saevi-

204 1178 284 1221 ant,
319 1174 487 1225 legimus
520 1188 583 1213 vv.
604 1175 684 1213 476
701 1189 759 1226 sq.
786 1176 863 1214 219
880 1188 936 1226 sq.
996 1174 1113 1214 Tales
1152 1176 1338 1214 mulieres
1366 1175 1603 1213 Plutarchus
1639 1175 1776 1225 paucis

204 1228 335 1266 verbis
364 1232 477 1267 notat
506 1241 612 1267 cons.
645 1229 694 1267 ad
724 1242 787 1267 ux.
819 1242 904 1280 cap.
925 1230 950 1267 4
981 1227 1030 1280 (p.
1054 1228 1219 1279 609⁰).⁶)

334 1292 397 1333 De
428 1294 647 1346 prodigis
676 1294 833 1333 feminis
844 1293 877 1344 ⁷)
903 1299 1037 1334 noster
1062 1295 1187 1333 multa
1206 1295 1329 1333 verba
1348 1294 1497 1343 facitss),
1527 1307 1629 1345 quae
1649 1293 1776 1332 maxi-

205 1360 311 1385 mam
340 1352 494 1398 partem
524 1349 764 1387 conveniunt
792 1349 840 1387 ad
871 1349 975 1387 dicta
1003 1349 1344 1400 philosophorum:
1378 1348 1455 1386 152
1471 1361 1527 1399 sq.

401 1434 582 1484 quodque
612 1434 720 1474 domi
748 1449 830 1475 non
859 1438 928 1485 est,
959 1435 1029 1474 sed
1058 1435 1174 1474 habet
1201 1434 1371 1483 vicinus,
1403 1438 1572 1473 ematur.

265 1492 339 1528 155
402 1488 580 1538 yrandia
609 1489 811 1528 tolluntur
840 1489 1091 1540 crystallina,
1120 1488 1305 1527 maxima
1333 1500 1480 1527 rursus

403 1543 630 1595 myrrhina,
661 1543 804 1584 deinde
835 1544 1033 1584 adamans
1062 1543 1297 1584 notissimus
1327 1546 1365 1583 et
1392 1543 1610 1583 Berenices

402 1598 446 1636 in
476 1598 601 1648 diyito
630 1599 766 1647 factus
790 1598 1009 1648 pretiosior
1038 1605 1111 1638 etc.

336 1686 386 1724 cf.
410 1686 501 1725 Sen.
523 1686 570 1724 fr.
589 1687 640 1725 48
671 1685 802 1724 multa
831 1698 926 1734 esse,
957 1698 1058 1734 quae
1083 1688 1366 1724 matronarum
1385 1684 1526 1723 usibus
1547 1683 1776 1724 necessaria

204 1737 307 1776 sint:
340 1738 544 1787 pretiosae
580 1742 717 1789 vestes,
727 1739 761 1788 9)
797 1751 958 1787 aurum,
999 1739 1248 1789 yemmacffl),
1288 1741 1489 1789 sumptus,
1528 1737 1699 1777 ancillae
1710 1738 1774 1789 ¹1),

204 1792 391 1842 supelleae
425 1792 554 1843 varia,
592 1793 811 1842 lecticae12)
846 1796 884 1832 et
913 1793 1052 1832 esseda
1080 1793 1290 1832 deaurata.
1350 1794 1396 1834 cf.
1429 1794 1476 1833 fr.
1508 1795 1558 1833 52
1590 1794 1680 1834 Sen.
1712 1795 1774 1834 ad.

204 1848 322 1886 Helv.
359 1850 418 1886 16.
434 1860 454 1891 3
499 1847 594 1886 Non
627 1861 806 1898 yemmae
841 1851 895 1896 te,
934 1861 1015 1886 non
1052 1847 1361 1898 maryaritaeffl)
1401 1848 1606 1896 fleoeerunt
1643 1878 1650 1885 .

205 1914 431 1951 numquam
451 1901 523 1941 tibi
538 1901 699 1952 placuit
718 1901 849 1952 vestis,
881 1914 981 1951 quae
1008 1901 1112 1940 nihil
1132 1900 1310 1952 amplius
1329 1902 1516 1951 nudaret,
1547 1913 1639 1940 cum
1653 1914 1776 1952 pone-

339 2000 369 2037 1)
396 2000 439 2033 cf.
463 2000 546 2033 Juv.
570 2002 651 2040 4603
676 1999 754 2033 Seu.
779 1999 821 2032 fr.
845 2002 896 2032 49.
1046 2000 1079 2038 2)
1104 1999 1147 2033 cf.
1171 2001 1257 2033 Juv.
1282 2001 1311 2032 6.
1325 2010 1373 2034 212
1385 2009 1437 2042 sq.
1585 1999 1617 2040 3)
1643 2001 1705 2033 272
1722 2009 1776 2041 sq.

335 2043 370 2083 4)
396 2043 440 2076 cf.
464 2052 546 2086 pag.
570 2043 622 2076 40.
756 2044 788 2082 5)
811 2042 853 2076 fr.
877 2045 929 2076 49.

335 2087 368 2127 6)
394 2087 450 2120 De
481 2087 624 2120 servis
659 2086 906 2120 tractandis
941 2086 1061 2120 noster
1088 2086 1184 2120 idem
1214 2087 1324 2120 sentit
1352 2095 1395 2120 ac
1419 2086 1553 2120 Seneca
1576 2095 1646 2128 quo
1670 2095 1777 2120 nemo

203 2130 443 2172 philosophus
468 2131 601 2163 sortem
623 2130 767 2163 illorum
790 2130 976 2163 hominum
1001 2129 1200 2163 infelicium
1224 2130 1373 2171 aequius
1396 2129 1591 2163 iudicabat.
1637 2128 1777 2170 (Zeller‚

206 2173 261 2207 111.
288 2172 327 2205 1³
349 2183 383 2216 p.
407 2174 486 2214 3003
518 2173 666 2215 Siedler,
696 2173 761 2207 Die
791 2173 998 2214 relig-situ.
1023 2172 1354 2215 Weltanschauung
1381 2172 1445 2207 des
1473 2172 1607 2206 Philos.
1630 2172 1777 2214 Seneca,

206 2217 396 2250 Fraustadt
415 2219 508 2256 1863,
525 2227 558 2259 p.
576 2216 641 2257 20).
666 2217 831 2250 Graviter
845 2217 890 2250 iis
906 2217 1083 2255 irascitur,
1100 2217 1162 2258 qui
1179 2225 1312 2256 servos,
1335 2216 1432 2258 quod
1448 2216 1635 2258 paululum
1650 2225 1775 2258 pecca-

205 2260 332 2300 verint,
356 2261 528 2293 atrociter
550 2260 705 2302 puniunt
726 2260 881 2301 flagellis
905 2269 971 2292 nec
994 2259 1193 2301 respiciunt

737 2315 869 2347 animas
889 2324 1059 2347 servorum
1081 2316 1113 2347 et
1132 2324 1269 2355 corpora
1291 2317 1404 2346 nostra

555 2359 697 2390 materia
719 2360 869 2391 constare
892 2357 1186 2398 ..paribusque
1205 2357 1381 2389 elementis.
1431 2359 1480 2389 14.
1494 2369 1535 2392 16

205 2410 265 2450 (cf.
290 2413 320 2444 9.
330 2423 363 2451 53
393 2413 422 2444 6.
436 2422 494 2452 222,
517 2413 547 2445 8
563 2412 623 2451 180)
648 2411 692 2444 ef.
716 2411 795 2444 Seu.
821 2420 874 2452 ep.
897 2413 949 2444 47.
965 2424 992 2445 11
1009 2411 1123 2444 Nolo.
1179 2410 1250 2443 .de
1271 2420 1335 2443 usu
1356 2421 1522 2444 servorum
1544 2411 1715 2452 disputare
1736 2411 1775 2443 in

204 2463 282 2495 quos
302 2454 533 2495 superbissimi,
556 2454 784 2494 crudelissimi,
806 2453 1122 2487 contumeliosissimi
1142 2463 1266 2486 sumus
1308 2453 1325 2493 ἐ
1345 2453 1385 2486 10
1415 2454 1472 2487 Vis
1494 2456 1532 2486 tu
1553 2453 1719 2496 cofitare.

203 2507 335 2530 servum
358 2501 452 2529 tuum
476 2522 484 2529 .
498 2522 527 2530 ..
551 2508 592 2530 ea:
613 2497 730 2531 iisdem
757 2497 932 2531 seminibus
953 2500 1065 2531 ortum
1089 2521 1097 2529 .
1111 2523 1118 2530 .
1133 2523 1141 2530 .
1165 2507 1263 2539 aeque
1284 2496 1422 2539 spirare,
1443 2507 1543 2539 aeque
1565 2497 1693 2531 vivere?
1707 2498 1772 2531 etc.

205 2539 713 2583 cf.Epict.I.13·[Heracl.]
739 2550 792 2584 ep.
818 2543 847 2575 9.
860 2554 892 2581 ι;
917 2540 1071 2581 (Petron.
1095 2543 1147 2574 71.
1166 2540 1201 2574 B.
1218 2550 1252 2583 p.
1268 2543 1320 2574 47.
1332 2552 1365 2577 30
1382 2541 1438 2575 Ps.
1454 2541 1598 2583 Phocyl.
1616 2543 1681 2575 224
1696 2540 1774 2584 sq..)

359 2586 392 2622 7)
416 2578 671 2626 Perantiquum
694 2585 731 2618 id
756 2585 891 2618 crimen
916 2587 971 2618 est
994 2584 1037 2618 cf.
1065 2584 1144 2618 Hes.
1169 2594 1224 2627 op.
1241 2585 1304 2618 373
1318 2594 1369 2626 sq.
1396 2584 1523 2626 [Plaut.
1537 2585 1620 2618 trin.
1635 2584 1774 2627 24osq.]

357 2628 391 2668 8)
419 2628 480 2660 150
495 2637 546 2669 sq.
570 2629 633 2661 352
647 2637 699 2670 sq.
722 2629 787 2661 362
799 2637 850 2670 sq.
875 2629 949 2661 511.

359 2672 392 2712 9)
417 2672 462 2705 ct.
487 2673 583 2706 6.482.
602 2682 660 2708 352.
797 2673 849 2711 10)
875 2682 907 2705 ν.
931 2674 1004 2705 458.
1143 2671 1195 2710 11)
1218 2673 1283 2704 353
1296 2682 1348 2714 sq.

338 2716 392 2756 12)
416 2717 481 2750 353
505 2715 549 2749 cf.
574 2715 652 2749 Sen.
677 2715 722 2748 de
747 2717 859 2749 const.
886 2717 958 2750 141.
993 2715 1100 2748 Clem.
1127 2715 1187 2748 ΙΙΙ.
1212 2716 1263 2748 27.
1400 2716 1453 2755 13)
1476 2717 1551 2749 459.
