1980 3097
832 205 1072 244 -87-

166 338 319 387 ignoro.
376 329 477 372 Cum
504 333 698 376 Juvenale
726 335 784 373 illi
812 336 853 373 in
882 348 928 373 eo
958 348 1114 385 quoque
1148 335 1342 382 convenit,
1379 335 1483 384 quod
1518 334 1625 381 deos,
1662 332 1735 370 etsi

167 390 310 429 delicta
337 400 415 427 non
446 387 577 426 statim
602 387 831 428 fulminibus
856 393 1142 440 persequantur
1152 387 1197 439 ¹),
1224 393 1355 427 tamen
1381 388 1594 439 aliquando
1621 386 1735 426 casti-

166 456 261 497 gare
296 442 487 493 quosdam
522 446 560 481 et
594 455 774 482 coercere
808 448 847 481 et
879 444 1054 494 irrogare
1079 457 1227 495 poenas
1254 442 1442 493 censet.²)
1491 442 1559 492 (ef.
1587 456 1624 494 p.
1647 440 1731 491 74).

897 659 1006 698 XVI.

523 733 601 782 De
634 733 900 782 duvenalis
935 746 1128 796 genere
1163 734 1380 783 dicendi.

295 821 396 861 Cum
426 822 569 861 totiens
599 822 639 861 in
669 822 812 860 saturis
830 821 1036 861 Juvenalis
1065 823 1228 861 eaedem
1247 824 1463 861 sententiae
1483 824 1734 862 inveniantur

164 882 282 929 atque
298 877 339 915 iu
355 877 509 927 scriptis
525 877 741 915 moralibus
755 876 1092 928 philosophorum,
1114 889 1303 928 quaerere
1320 881 1484 927 oportet,
1501 891 1595 916 uum
1614 879 1733 916 etiam

163 944 308 983 genere
338 931 494 969 dicendi
524 932 573 970 ab
602 931 650 969 iis
670 932 852 982 pendeat.
883 952 934 959 —
964 931 1011 970 In
1036 931 1119 969 vita
1143 931 1352 971 Juvenalis
1378 944 1470 969 eum
1490 932 1543 968 ad
1562 930 1733 970 mediam

164 986 248 1035 fere
279 986 446 1024 aetatem
478 986 761 1025 declamavisse
790 983 918 1025 animi
946 983 1075 1035 mayis
1103 996 1227 1023 causa
1255 996 1374 1033 quam
1395 984 1500 1033 quod
1518 997 1559 1023 se
1579 984 1734 1024 scholae

163 1042 236 1078 aut
262 1038 351 1088 foro
376 1042 656 1090 praepararet,
687 1040 830 1079 deinde
859 1044 1012 1079 saturas
1042 1040 1213 1079 scribere
1242 1040 1418 1091 coepisse
1447 1040 1634 1079 traditum
1663 1044 1733 1078 est.

163 1095 241 1134 Sed
283 1095 381 1133 haec
423 1095 557 1144 verba,
603 1108 770 1146 quorum
814 1095 863 1134 de
905 1095 983 1134 fide
1025 1095 1165 1134 merito
1210 1094 1381 1133 dubitari
1423 1093 1608 1146 potest,3)
1654 1099 1735 1133 tam

162 1149 348 1200 ambigua
377 1154 480 1197 sunt,
517 1154 560 1188 ut
595 1162 642 1188 ea
673 1162 835 1201 prorsus
863 1149 1112 1201 neglegenda
1138 1162 1224 1188 esse
1253 1150 1434 1188 arbitrer.
1493 1149 1600 1187 Nihil
1628 1149 1734 1187 aliud

161 1207 311 1243 certum
341 1207 401 1243 est
428 1204 504 1243 nisi
521 1226 571 1232 —
588 1203 627 1243 id
650 1204 754 1255 quod
774 1204 849 1243 viri
869 1204 1083 1244 doctissimi
1104 1203 1414 1256 probaverunt&-
1431 1226 1481 1231 —
1497 1204 1736 1243 Juvenalem

160 1259 281 1310 tropis
320 1263 358 1297 et
395 1259 533 1310 figuris
571 1272 712 1298 ornare
752 1260 969 1298 orationem
1007 1259 1145 1298 solere.
1192 1281 1241 1286 —-
1287 1259 1402 1302 Quod
1443 1272 1531 1297 cum
1573 1259 1736 1297 omnino

160 1317 364 1364 poetarum
406 1318 509 1352 esset
547 1326 592 1352 ac
629 1312 809 1365 plerique
846 1319 936 1366 post
970 1313 1190 1365 Vergilium
1230 1317 1268 1352 et
1305 1313 1492 1352 Ovidium
1531 1313 1734 1352 rhetorum

158 1372 369 1419 praecepta
424 1381 503 1407 non
550 1369 680 1408 minus
727 1368 1038 1419 observarent5),
1090 1369 1172 1407 sola
1228 1369 1448 1407 elocutione
1496 1368 1734 1407 Juvenalem

159 1423 359 1460 rhetorem
389 1422 511 1461 fuisse
540 1436 619 1461 non
649 1423 950 1462 demonstratur.

287 1487 427 1540 Itaque
469 1488 565 1527 nihil
605 1492 675 1537 est,
717 1489 822 1541 quod
862 1493 1016 1528 saturas
1053 1489 1246 1541 quintam,
1287 1492 1481 1538 octavam,
1524 1488 1732 1537 decimam,

158 1547 338 1593 quartam
376 1543 570 1582 decimam
600 1557 688 1582 cum
717 1544 920 1583 rhetoricis
952 1544 1299 1582 exercitationibus
1331 1543 1594 1587 conferamus,
1631 1555 1735 1593 quae

158 1596 290 1643 θέσεις
310 1597 504 1636 dicuntur.
516 1597 547 1648 ⁶)
585 1596 630 1636 In
658 1598 823 1637 clariore
847 1598 952 1637 enim
966 1594 1059 1636 ‘luce
1079 1610 1127 1636 ea
1147 1597 1323 1636 carmina
1343 1597 1500 1649 aliaque
1519 1600 1734 1649 ponuntur,

157 1651 188 1689 si
219 1664 309 1690 cum
340 1652 519 1692 diatribis
547 1652 790 1705 philosophis
811 1656 1100 1705 comparantur.
1151 1652 1401 1704 Quamquam
1422 1652 1528 1690 enim
1553 1652 1735 1691 rhetores

156 1719 273 1757 saepe
308 1707 446 1745 eadem
483 1707 706 1746 tractabant
734 1720 835 1758 quae
863 1707 1099 1759 philosophi,
1134 1711 1177 1745 ut
1206 1710 1401 1758 quaerunt
1433 1706 1536 1745 sitne
1561 1706 1735 1755 sapienti

155 1761 386 1811 capessenda
405 1760 632 1812 respublica,
652 1761 912 1812 expetendane
924 1762 975 1801 sit
987 1761 1129 1813 qloria,
1149 1773 1248 1801 num
1261 1760 1454 1812 fuyienda
1468 1759 1734 1811 paupertasv,

287 1879 319 1920 l)
343 1879 388 1913 de
412 1880 513 1914 clem.
539 1880 565 1914 Ι.
590 1882 620 1914 7.
639 1885 663 1912 2.

285 1924 319 1961 2)
343 1932 398 1965 ep.
422 1926 520 1957 95.50
544 1923 593 1965 [L.
619 1923 793 1966 Schmidt,
816 1924 850 1958 d.
875 1924 955 1958 Eth.
978 1924 1012 1957 d.
1037 1924 1133 1958 alten
1159 1923 1217 1957 Gr.
1241 1924 1266 1958 I.
1292 1925 1333 1957 69
1359 1923 1438 1966 sq.].

283 1967 317 2006 3)
342 1966 468 2007 Weise‚
487 1967 584 2001 vind.
601 1967 728 2001 Juven.
745 1978 780 2011 p.
795 1968 826 2000 5.
852 1966 888 2001 Si
911 1967 969 2001 his
985 1967 1106 2002 verbis
1126 1967 1236 2001 fidem
1259 1967 1392 2001 habere
1415 1967 1512 2009 licet,
1534 1967 1573 2001 id
1597 1967 1727 2001 saltem

154 2008 285 2043 docent
297 2010 539 2053 biographum
553 2010 832 2045 declamationes
847 2011 930 2044 illas
942 2013 979 2045 et
991 2013 1131 2045 saturas
1147 2012 1272 2053 postea
1288 2010 1510 2053 conscriptas
1525 2011 1726 2052 seiungere.

153 2051 224 2085 Sed
248 2053 356 2086 valde
381 2053 575 2087 dolendum
601 2056 665 2095 est,
689 2054 784 2096 quod
808 2054 854 2087 de
877 2063 1008 2096 genere
1031 2054 1260 2087 declamandi
1283 2054 1375 2087 nihil
1398 2053 1554 2095 amplius
1581 2053 1727 2087 dicitur.

152 2094 204 2128 Ne
219 2095 258 2128 id
275 2096 422 2138 quidem
439 2098 534 2130 certe
551 2099 651 2139 patet
668 2106 711 2130 ex
728 2097 786 2131 his
802 2097 934 2138 verbis,
957 2099 1079 2131 utrum
1093 2099 1170 2131 tum
1188 2097 1332 2131 demum
1348 2097 1528 2131 rhetorem
1544 2096 1727 2138 quendam

152 2138 333 2172 audiverit
362 2140 459 2181 quod
488 2149 552 2182 per
581 2149 619 2173 se
648 2150 720 2174 non
744 2140 957 2174 incredibile
980 2142 1046 2182 est,
1075 2149 1156 2174 cum
1169 2141 1290 2174 *etiam
1312 2139 1356 2172 M.
1380 2139 1550 2172 Aurelius
1572 2139 1728 2182 imperio

152 2184 319 2224 suscepto
343 2182 388 2216 ab
414 2183 639 2226 Hermogene
661 2183 867 2226 eloquentia
888 2183 1139 2218 institueretur
1161 2183 1218 2224 (D.
1235 2183 1330 2217 Cass.
1349 2184 1400 2217 71.
1416 2183 1495 2225 1‚2),
1518 2191 1564 2217 an
1587 2183 1667 2226 ipse
1690 2183 1729 2217 in

152 2224 296 2266 publico
319 2235 419 2260 more
443 2227 686 2270 sophistarum
711 2228 769 2261 vel
792 2227 829 2261 in
855 2227 989 2261 circulo
1012 2228 1209 2261 amicorum
1237 2226 1506 2261 declamaverit.
1552 2226 1730 2260 Martialis

151 2268 487 2347 Sssiilsstiffiateeuffi
518 2270 1305 2357 ssssssdussfissilssnfafffiiffidiffiaitiissmt‘su?
1319 2269 1731 2354 vreass>⁰2i⁰¹ii1³ve¹iii¹tss

149 2357 342 2398 antequam
356 2339 508 2391 ’saturas
533 2357 689 2400 scripsit,
718 2358 791 2392 alia
814 2357 974 2392 carmina
995 2358 1125 2397 fecisse
1148 2358 1319 2391 credibile
1343 2357 1401 2390 sit.
1449 2356 1520 2390 Sed
1549 2366 1630 2391 cum
1656 2358 1730 2391 iam

151 2401 252 2439 pueri
277 2401 313 2434 et
337 2400 588 2435 adulescentes
611 2401 796 2434 rhetorum
819 2401 981 2435 scholam
1004 2403 1045 2435 ut
1067 2401 1339 2434 fundamentum
1369 2400 1488 2433 omnis
1512 2400 1730 2434 eruditionis

149 2440 376 2483 frequentare
391 2443 557 2485 solerent,
571 2443 648 2477 veri
661 2443 816 2478 similius
829 2443 1015 2478 videretur
1024 2443 1237 2478 Juvenalem
1250 2443 1297 2477 ad
1310 2442 1469 2477 mediam
1481 2442 1558 2477 fere
1570 2444 1731 2478 aetatem

149 2486 399 2535 ostentationis
423 2496 532 2522 causa
554 2487 788 2528 declamasse,
811 2488 909 2531 quod
930 2488 1007 2523 filio
1026 2490 1089 2523 aut
1103 2487 1247 2523 alumno
1263 2486 1429 2522 libertini
1443 2486 1640 2530 locupletis
1655 2497 1728 2522 non

149 2528 297 2563 difficile
321 2533 406 2564 erat.
453 2531 581 2565 Utrum
610 2533 731 2565 autem
761 2532 831 2565 hae
859 2532 1141 2565 declamationes
1164 2540 1243 2565 cum
1268 2532 1474 2564 saturarum
1499 2531 1731 2572 argumentis

148 2570 285 2614 aliquid
308 2582 497 2607 commune
520 2574 714 2607 habuerint
737 2582 859 2616 necue,
882 2583 963 2608 meo
985 2574 1121 2608 iu'dicio
1144 2573 1340 2616 disceptari
1363 2581 1438 2607 non
1460 2574 1592 2616 potest.

277 2616 313 2657 4)
335 2616 454 2655 Kiaer,
479 2617 524 2651 de
547 2627 712 2652 sermone
735 2616 776 2652 D.
799 2617 900 2653 Junii
923 2618 1051 2653 Juven.
1075 2617 1236 2653 Hauniae
1264 2618 1357 2651 1875.
1405 2616 1627 2661 Streifiuger‚
1661 2617 1730 2652 der

147 2656 214 2691 Stil
245 2659 310 2694 des
339 2660 442 2695 Satir.
471 2661 601 2694 Juven.
639 2661 874 2704 Regensburg
904 2664 1003 2701 18923
1043 2661 1182 2702 Strube‚
1217 2661 1262 2693 de
1297 2661 1433 2694 rhetor.
1465 2661 1549 2694 Juv.
1581 2661 1728 2704 discipl.

148 2699 348 2737 Brandenb.
376 2705 473 2743 1875;
497 2704 625 2745 Weise,
649 2704 746 2738 vind.
769 2704 852 2738 Juv.
877 2704 921 2739 cf.
946 2703 1207 2744 Friedlaeuder,
1233 2704 1348 2747 praef.

275 2747 310 2787 5)
335 2746 464 2782 Friedl.
489 2747 522 2782 S.
547 2747 673 2782 Gesch.
689 2747 761 2782 111⁶
783 2759 817 2791 p.
833 2750 908 2783 396.
933 2747 1026 2790 (Sen.
1050 2748 1161 2782 contr.
1178 2747 1219 2781 11.
1239 2748 1381 2784 10.8sq-)

276 2792 310 2831 6)
334 2790 462 2825 Friedl.
487 2792 597 2833 praef.
620 2801 653 2834 p.
670 2791 722 2825 52.
857 2793 890 2828 7)
915 2791 984 2825 Cic.
1009 2792 1043 2825 d.
1067 2800 1116 2824 or.
1133 2791 1191 2824 111.
1211 2793 1272 2824 112
1288 2800 1340 2833 sq.
