<?xml version="1.0" encoding="UTF-8"?>
<!DOCTYPE html PUBLIC "-//W3C//DTD XHTML 1.0 Transitional//EN"
    "http://www.w3.org/TR/xhtml1/DTD/xhtml1-transitional.dtd">
<html xmlns="http://www.w3.org/1999/xhtml" xml:lang="en" lang="en">
 <head>
  <title>
</title>
<meta http-equiv="Content-Type" content="text/html;charset=utf-8" />
  <meta name='ocr-system' content='tesseract 3.04.00' />
  <meta name='ocr-capabilities' content='ocr_page ocr_carea ocr_par ocr_line ocrx_word'/>
</head>
<body>
  <div class='ocr_page' id='page_1' title='image "4737894_0087.png"; bbox 0 0 1980 3097; ppageno 0'>
   <div class='ocr_carea' id='block_1_1' title="bbox 164 334 1725 602">
    <p class='ocr_par' dir='ltr' id='par_1_1' title="bbox 164 334 1725 602">
     <span class='ocr_line' id='line_1_1' title="bbox 164 334 1725 395; baseline -0.003 -19"><span class='ocrx_word' id='word_1_1' title='bbox 164 337 367 382; x_wconf 81' lang='grc' dir='ltr'>λεύσαντο,</span> <span class='ocrx_word' id='word_1_2' title='bbox 389 336 458 373; x_wconf 89' lang='grc' dir='ltr'>καὶ</span> <span class='ocrx_word' id='word_1_3' title='bbox 476 337 519 373; x_wconf 86' lang='grc' dir='ltr'><strong><em>τὸ</em></strong></span> <span class='ocrx_word' id='word_1_4' title='bbox 535 335 709 382; x_wconf 81' lang='grc' dir='ltr'>συνειδὸς</span> <span class='ocrx_word' id='word_1_5' title='bbox 727 335 887 395; x_wconf 77' lang='grc' dir='ltr'>ἔλεγχος</span> <span class='ocrx_word' id='word_1_6' title='bbox 907 336 1127 383; x_wconf 78' lang='grc' dir='ltr'>ἀδέκαστος</span> <span class='ocrx_word' id='word_1_7' title='bbox 1145 337 1214 375; x_wconf 88' lang='grc' dir='ltr'>καὶ</span> <span class='ocrx_word' id='word_1_8' title='bbox 1237 337 1394 375; x_wconf 85' lang='grc' dir='ltr'>πάντων</span> <span class='ocrx_word' id='word_1_9' title='bbox 1423 334 1725 387; x_wconf 80' lang='grc' dir='ltr'>ἀψευδέστατος.</span> 
     </span>
     <span class='ocr_line' id='line_1_2' title="bbox 165 388 1723 440; baseline -0.003 -10"><span class='ocrx_word' id='word_1_10' title='bbox 165 391 248 430; x_wconf 84' lang='grc' dir='ltr'><strong><em>Οἰο.</em></strong></span> <span class='ocrx_word' id='word_1_11' title='bbox 277 402 361 440; x_wconf 85' lang='lat' dir='ltr'><strong><em>par.</em></strong></span> <span class='ocrx_word' id='word_1_12' title='bbox 381 389 430 428; x_wconf 91' lang='lat'><strong><em>18</em></strong></span> <span class='ocrx_word' id='word_1_13' title='bbox 461 418 470 427; x_wconf 91' lang='lat'><strong>.</strong></span> <span class='ocrx_word' id='word_1_14' title='bbox 501 419 510 427; x_wconf 93' lang='lat'><strong>.</strong></span> <span class='ocrx_word' id='word_1_15' title='bbox 542 418 551 427; x_wconf 89' lang='lat'><strong>.</strong></span> <span class='ocrx_word' id='word_1_16' title='bbox 582 417 590 426; x_wconf 91' lang='lat'><strong>.</strong></span> <span class='ocrx_word' id='word_1_17' title='bbox 622 390 658 426; x_wconf 85' lang='lat' dir='ltr'><strong><em>te</em></strong></span> <span class='ocrx_word' id='word_1_18' title='bbox 691 388 954 428; x_wconf 80' lang='lat' dir='ltr'><strong><em>conscientiae</em></strong></span> <span class='ocrx_word' id='word_1_19' title='bbox 983 389 1198 428; x_wconf 86' lang='lat' dir='ltr'><strong><em>stimulant</em></strong></span> <span class='ocrx_word' id='word_1_20' title='bbox 1226 388 1518 437; x_wconf 79' lang='lat' dir='ltr'><strong><em>maleficiorum</em></strong></span> <span class='ocrx_word' id='word_1_21' title='bbox 1547 390 1723 435; x_wconf 87' lang='lat' dir='ltr'><strong><em>tuorum,</em></strong></span> 
     </span>
     <span class='ocr_line' id='line_1_3' title="bbox 165 440 1724 494; baseline -0.001 -12"><span class='ocrx_word' id='word_1_22' title='bbox 165 446 203 482; x_wconf 89' lang='lat' dir='ltr'><strong><em>te</em></strong></span> <span class='ocrx_word' id='word_1_23' title='bbox 222 443 352 480; x_wconf 86' lang='lat' dir='ltr'><strong><em>metus</em></strong></span> <span class='ocrx_word' id='word_1_24' title='bbox 377 440 617 480; x_wconf 76' lang='lat' dir='ltr'><strong><em>exanimant</em></strong></span> <span class='ocrx_word' id='word_1_25' title='bbox 639 440 885 484; x_wconf 81' lang='lat' dir='ltr'><strong><em>iudiciorum</em></strong></span> <span class='ocrx_word' id='word_1_26' title='bbox 910 445 1026 491; x_wconf 77' lang='lat' dir='ltr'><strong><em>atque</em></strong></span> <span class='ocrx_word' id='word_1_27' title='bbox 1050 443 1193 494; x_wconf 77' lang='lat' dir='ltr'><strong><em>leyum,</em></strong></span> <span class='ocrx_word' id='word_1_28' title='bbox 1214 455 1459 494; x_wconf 79' lang='lat' dir='ltr'><strong><em>quocumque</em></strong></span> <span class='ocrx_word' id='word_1_29' title='bbox 1485 440 1724 491; x_wconf 78' lang='lat' dir='ltr'><strong><em>adspexisti,</em></strong></span> 
     </span>
     <span class='ocr_line' id='line_1_4' title="bbox 165 494 1724 548; baseline -0.001 -13"><span class='ocrx_word' id='word_1_30' title='bbox 165 499 213 535; x_wconf 89' lang='lat' dir='ltr'><strong><em>ut</em></strong></span> <span class='ocrx_word' id='word_1_31' title='bbox 238 494 375 545; x_wconf 85' lang='lat' dir='ltr'><strong><em>furiae</em></strong></span> <span class='ocrx_word' id='word_1_32' title='bbox 403 494 462 534; x_wconf 88' lang='lat' dir='ltr'><strong><em>sie</em></strong></span> <span class='ocrx_word' id='word_1_33' title='bbox 490 498 583 534; x_wconf 89' lang='lat' dir='ltr'><strong><em>tuae</em></strong></span> <span class='ocrx_word' id='word_1_34' title='bbox 607 494 681 534; x_wconf 90' lang='lat' dir='ltr'><strong><em>tibi</em></strong></span> <span class='ocrx_word' id='word_1_35' title='bbox 710 499 927 535; x_wconf 89' lang='lat' dir='ltr'><strong><em>occurrunt</em></strong></span> <span class='ocrx_word' id='word_1_36' title='bbox 954 496 1146 546; x_wconf 87' lang='lat' dir='ltr'><strong><em>iniuriae,</em></strong></span> <span class='ocrx_word' id='word_1_37' title='bbox 1177 509 1277 548; x_wconf 83' lang='lat' dir='ltr'><strong><em>quae</em></strong></span> <span class='ocrx_word' id='word_1_38' title='bbox 1303 499 1339 535; x_wconf 89' lang='lat' dir='ltr'><strong><em>te</em></strong></span> <span class='ocrx_word' id='word_1_39' title='bbox 1364 495 1574 546; x_wconf 82' lang='lat' dir='ltr'><strong><em>suspirare</em></strong></span> <span class='ocrx_word' id='word_1_40' title='bbox 1603 495 1724 535; x_wconf 86' lang='lat' dir='ltr'><strong><em>libere</em></strong></span> 
     </span>
     <span class='ocr_line' id='line_1_5' title="bbox 165 547 987 602; baseline 0.002 -14"><span class='ocrx_word' id='word_1_41' title='bbox 165 562 249 589; x_wconf 88' lang='lat' dir='ltr'><strong><em>non</em></strong></span> <span class='ocrx_word' id='word_1_42' title='bbox 276 547 430 588; x_wconf 87' lang='lat' dir='ltr'><strong><em>sinunt.</em></strong></span> <span class='ocrx_word' id='word_1_43' title='bbox 443 549 470 597; x_wconf 82' lang='grc'><strong><em>1)</em></strong></span> <span class='ocrx_word' id='word_1_44' title='bbox 527 550 577 589; x_wconf 84' lang='lat' dir='ltr'><strong><em>cf.</em></strong></span> <span class='ocrx_word' id='word_1_45' title='bbox 607 550 699 588; x_wconf 84' lang='lat' dir='ltr'><strong><em>Juv.</em></strong></span> <span class='ocrx_word' id='word_1_46' title='bbox 728 563 790 588; x_wconf 83' lang='lat' dir='ltr'><strong><em>vv.</em></strong></span> <span class='ocrx_word' id='word_1_47' title='bbox 824 551 900 589; x_wconf 80' lang='lat'><strong><em>192</em></strong></span> <span class='ocrx_word' id='word_1_48' title='bbox 930 563 987 602; x_wconf 85' lang='lat' dir='ltr'><strong><em>sq.</em></strong></span> 
     </span>
    </p>
   </div>
   <div class='ocr_carea' id='block_1_2' title="bbox 357 623 1526 1001">
    <p class='ocr_par' dir='ltr' id='par_1_2' title="bbox 357 623 1526 1001">
     <span class='ocr_line' id='line_1_6' title="bbox 494 623 913 663; baseline 0.002 -1"><span class='ocrx_word' id='word_1_49' title='bbox 494 623 579 663; x_wconf 83' lang='lat' dir='ltr'><strong><em>Cur</em></strong></span> <span class='ocrx_word' id='word_1_50' title='bbox 607 627 740 663; x_wconf 75' lang='lat' dir='ltr'><strong><em>tamen</em></strong></span> <span class='ocrx_word' id='word_1_51' title='bbox 769 623 839 663; x_wconf 92' lang='lat' dir='ltr'><strong><em>hos</em></strong></span> <span class='ocrx_word' id='word_1_52' title='bbox 867 627 913 663; x_wconf 87' lang='lat' dir='ltr'><strong><em>tu</em></strong></span> 
     </span>
     <span class='ocr_line' id='line_1_7' title="bbox 361 676 1242 729; baseline 0.001 -13"><span class='ocrx_word' id='word_1_53' title='bbox 361 676 533 717; x_wconf 85' lang='lat' dir='ltr'><strong><em>evasisse</em></strong></span> <span class='ocrx_word' id='word_1_54' title='bbox 557 680 691 728; x_wconf 86' lang='lat' dir='ltr'><strong><em>putes,</em></strong></span> <span class='ocrx_word' id='word_1_55' title='bbox 721 689 818 729; x_wconf 80' lang='lat' dir='ltr'><strong><em>quos</em></strong></span> <span class='ocrx_word' id='word_1_56' title='bbox 846 677 930 717; x_wconf 85' lang='lat' dir='ltr'><strong><em>diri</em></strong></span> <span class='ocrx_word' id='word_1_57' title='bbox 957 677 1116 717; x_wconf 85' lang='lat' dir='ltr'><strong><em>conscia</em></strong></span> <span class='ocrx_word' id='word_1_58' title='bbox 1142 678 1242 729; x_wconf 83' lang='lat' dir='ltr'><strong><em>facti</em></strong></span> 
     </span>
     <span class='ocr_line' id='line_1_8' title="bbox 359 731 1400 772; baseline 0.001 -1"><span class='ocrx_word' id='word_1_59' title='bbox 359 744 474 771; x_wconf 90' lang='lat' dir='ltr'><strong><em>mens</em></strong></span> <span class='ocrx_word' id='word_1_60' title='bbox 502 731 618 771; x_wconf 85' lang='lat' dir='ltr'><strong><em>habet</em></strong></span> <span class='ocrx_word' id='word_1_61' title='bbox 644 731 835 771; x_wconf 89' lang='lat' dir='ltr'><strong><em>attonitos</em></strong></span> <span class='ocrx_word' id='word_1_62' title='bbox 863 735 902 770; x_wconf 87' lang='lat' dir='ltr'><strong><em>et</em></strong></span> <span class='ocrx_word' id='word_1_63' title='bbox 929 732 1053 771; x_wconf 83' lang='lat' dir='ltr'><strong><em>surdo</em></strong></span> <span class='ocrx_word' id='word_1_64' title='bbox 1081 733 1241 772; x_wconf 84' lang='lat' dir='ltr'><strong><em>verbere</em></strong></span> <span class='ocrx_word' id='word_1_65' title='bbox 1271 734 1400 772; x_wconf 87' lang='lat' dir='ltr'><strong><em>caedit</em></strong></span> 
     </span>
     <span class='ocr_line' id='line_1_9' title="bbox 357 785 1389 838; baseline 0.001 -13"><span class='ocrx_word' id='word_1_66' title='bbox 357 786 557 826; x_wconf 82' lang='lat' dir='ltr'><strong><em>occultum</em></strong></span> <span class='ocrx_word' id='word_1_67' title='bbox 585 785 787 838; x_wconf 79' lang='lat' dir='ltr'><em>quatiente</em></span> <span class='ocrx_word' id='word_1_68' title='bbox 816 785 952 826; x_wconf 90' lang='lat' dir='ltr'><strong><em>animo</em></strong></span> <span class='ocrx_word' id='word_1_69' title='bbox 982 788 1128 826; x_wconf 89' lang='lat' dir='ltr'><strong><em>tortore</em></strong></span> <span class='ocrx_word' id='word_1_70' title='bbox 1156 786 1389 838; x_wconf 73' lang='lat' dir='ltr'><strong><em>flayellum?</em></strong></span> 
     </span>
     <span class='ocr_line' id='line_1_10' title="bbox 359 839 1437 890; baseline 0.002 -12"><span class='ocrx_word' id='word_1_71' title='bbox 359 839 501 880; x_wconf 88' lang='lat' dir='ltr'><strong><em>Poena</em></strong></span> <span class='ocrx_word' id='word_1_72' title='bbox 530 843 666 880; x_wconf 90' lang='lat' dir='ltr'><strong><em>autem</em></strong></span> <span class='ocrx_word' id='word_1_73' title='bbox 692 839 900 880; x_wconf 85' lang='lat' dir='ltr'><strong><em>vehemens</em></strong></span> <span class='ocrx_word' id='word_1_74' title='bbox 930 852 976 879; x_wconf 89' lang='lat' dir='ltr'><strong><em>ac</em></strong></span> <span class='ocrx_word' id='word_1_75' title='bbox 1003 840 1130 880; x_wconf 89' lang='lat' dir='ltr'><strong><em>multo</em></strong></span> <span class='ocrx_word' id='word_1_76' title='bbox 1158 840 1313 881; x_wconf 87' lang='lat' dir='ltr'><strong><em>saevior</em></strong></span> <span class='ocrx_word' id='word_1_77' title='bbox 1341 841 1437 890; x_wconf 85' lang='lat' dir='ltr'><strong><em>illis,</em></strong></span> 
     </span>
     <span class='ocr_line' id='line_1_11' title="bbox 361 893 1526 946; baseline 0.001 -13"><span class='ocrx_word' id='word_1_78' title='bbox 361 907 462 946; x_wconf 82' lang='lat' dir='ltr'><strong><em>quas</em></strong></span> <span class='ocrx_word' id='word_1_79' title='bbox 491 897 529 934; x_wconf 91' lang='lat' dir='ltr'><strong><em>et</em></strong></span> <span class='ocrx_word' id='word_1_80' title='bbox 557 893 772 934; x_wconf 79' lang='lat' dir='ltr'><strong><em>Caedicius</em></strong></span> <span class='ocrx_word' id='word_1_81' title='bbox 799 894 937 946; x_wconf 78' lang='lat' dir='ltr'><strong><em>yravis</em></strong></span> <span class='ocrx_word' id='word_1_82' title='bbox 963 894 1119 934; x_wconf 88' lang='lat' dir='ltr'><strong><em>invenit</em></strong></span> <span class='ocrx_word' id='word_1_83' title='bbox 1146 898 1185 934; x_wconf 92' lang='lat' dir='ltr'><strong><em>et</em></strong></span> <span class='ocrx_word' id='word_1_84' title='bbox 1211 895 1526 935; x_wconf 85' lang='lat' dir='ltr'><strong><em>Rhadamantus</em></strong></span> 
     </span>
     <span class='ocr_line' id='line_1_12' title="bbox 361 948 1411 1001; baseline 0.001 -13"><span class='ocrx_word' id='word_1_85' title='bbox 361 951 473 988; x_wconf 86' lang='lat' dir='ltr'><strong><em>noete</em></strong></span> <span class='ocrx_word' id='word_1_86' title='bbox 502 948 642 1001; x_wconf 84' lang='lat' dir='ltr'><strong><em>dieque</em></strong></span> <span class='ocrx_word' id='word_1_87' title='bbox 671 961 794 988; x_wconf 90' lang='lat' dir='ltr'><strong><em>suum</em></strong></span> <span class='ocrx_word' id='word_1_88' title='bbox 819 951 976 1000; x_wconf 76' lang='lat' dir='ltr'><strong><em>yestare</em></strong></span> <span class='ocrx_word' id='word_1_89' title='bbox 1005 948 1051 988; x_wconf 92' lang='lat' dir='ltr'><strong><em>in</em></strong></span> <span class='ocrx_word' id='word_1_90' title='bbox 1073 952 1234 999; x_wconf 78' lang='lat' dir='ltr'><em>pectore</em></span> <span class='ocrx_word' id='word_1_91' title='bbox 1262 952 1411 989; x_wconf 89' lang='lat' dir='ltr'><strong><em>testem.</em></strong></span> 
     </span>
    </p>
   </div>
   <div class='ocr_carea' id='block_1_3' title="bbox 160 1025 1727 2491">
    <p class='ocr_par' dir='ltr' id='par_1_3' title="bbox 161 1025 1727 1676">
     <span class='ocr_line' id='line_1_13' title="bbox 294 1025 1727 1078; baseline 0 -13"><span class='ocrx_word' id='word_1_92' title='bbox 294 1025 382 1065; x_wconf 89' lang='lat' dir='ltr'><strong><em>Non</em></strong></span> <span class='ocrx_word' id='word_1_93' title='bbox 411 1026 555 1065; x_wconf 91' lang='lat' dir='ltr'><strong><em>mirum</em></strong></span> <span class='ocrx_word' id='word_1_94' title='bbox 584 1030 655 1075; x_wconf 87' lang='lat' dir='ltr'><strong><em>est,</em></strong></span> <span class='ocrx_word' id='word_1_95' title='bbox 685 1026 789 1077; x_wconf 87' lang='lat' dir='ltr'><strong><em>quod</em></strong></span> <span class='ocrx_word' id='word_1_96' title='bbox 819 1026 923 1065; x_wconf 83' lang='lat' dir='ltr'><strong><em>mala</em></strong></span> <span class='ocrx_word' id='word_1_97' title='bbox 953 1027 1202 1075; x_wconf 84' lang='lat' dir='ltr'><strong><em>conscientia,</em></strong></span> <span class='ocrx_word' id='word_1_98' title='bbox 1237 1040 1316 1078; x_wconf 84' lang='lat' dir='ltr'><strong><em>qua</em></strong></span> <span class='ocrx_word' id='word_1_99' title='bbox 1348 1039 1485 1065; x_wconf 88' lang='lat' dir='ltr'><strong><em>omnes</em></strong></span> <span class='ocrx_word' id='word_1_100' title='bbox 1519 1029 1727 1078; x_wconf 81' lang='lat' dir='ltr'><strong><em>peccantes</em></strong></span> 
     </span>
     <span class='ocr_line' id='line_1_14' title="bbox 161 1081 1727 1132; baseline -0.001 -13"><span class='ocrx_word' id='word_1_101' title='bbox 161 1093 321 1132; x_wconf 85' lang='lat' dir='ltr'><strong><em>semper</em></strong></span> <span class='ocrx_word' id='word_1_102' title='bbox 357 1081 496 1119; x_wconf 86' lang='lat' dir='ltr'><strong><em>eodem</em></strong></span> <span class='ocrx_word' id='word_1_103' title='bbox 531 1081 649 1119; x_wconf 90' lang='lat' dir='ltr'><strong><em>modo</em></strong></span> <span class='ocrx_word' id='word_1_104' title='bbox 677 1084 882 1128; x_wconf 81' lang='lat' dir='ltr'><strong><em>vexantur,</em></strong></span> <span class='ocrx_word' id='word_1_105' title='bbox 921 1081 1063 1119; x_wconf 88' lang='lat' dir='ltr'><strong><em>iterum</em></strong></span> <span class='ocrx_word' id='word_1_106' title='bbox 1098 1084 1216 1132; x_wconf 86' lang='lat' dir='ltr'><strong><em>atque</em></strong></span> <span class='ocrx_word' id='word_1_107' title='bbox 1249 1082 1392 1119; x_wconf 87' lang='lat' dir='ltr'><strong><em>iterum</em></strong></span> <span class='ocrx_word' id='word_1_108' title='bbox 1425 1094 1553 1132; x_wconf 84' lang='lat' dir='ltr'><strong><em>paene</em></strong></span> <span class='ocrx_word' id='word_1_109' title='bbox 1586 1081 1727 1119; x_wconf 89' lang='lat' dir='ltr'><strong><em>iisdem</em></strong></span> 
     </span>
     <span class='ocr_line' id='line_1_15' title="bbox 163 1133 1725 1186; baseline -0.002 -12"><span class='ocrx_word' id='word_1_110' title='bbox 163 1135 293 1174; x_wconf 81' lang='lat' dir='ltr'><strong><em>verbis</em></strong></span> <span class='ocrx_word' id='word_1_111' title='bbox 323 1134 567 1174; x_wconf 76' lang='lat' dir='ltr'><strong><em>describitur.</em></strong></span> <span class='ocrx_word' id='word_1_112' title='bbox 616 1134 666 1174; x_wconf 89' lang='lat' dir='ltr'><strong><em>cf.</em></strong></span> <span class='ocrx_word' id='word_1_113' title='bbox 697 1134 787 1173; x_wconf 88' lang='lat' dir='ltr'><strong><em>Sen.</em></strong></span> <span class='ocrx_word' id='word_1_114' title='bbox 818 1147 878 1186; x_wconf 87' lang='lat' dir='ltr'><strong><em>ep.</em></strong></span> <span class='ocrx_word' id='word_1_115' title='bbox 899 1135 1032 1178; x_wconf 87' lang='lat'>97.14.</span> <span class='ocrx_word' id='word_1_116' title='bbox 1071 1164 1078 1171; x_wconf 96' lang='lat'>.</span> <span class='ocrx_word' id='word_1_117' title='bbox 1102 1164 1110 1172; x_wconf 89' lang='lat'><strong>.</strong></span> <span class='ocrx_word' id='word_1_118' title='bbox 1134 1165 1142 1172; x_wconf 95' lang='lat'><strong>.</strong></span> <span class='ocrx_word' id='word_1_119' title='bbox 1166 1165 1173 1172; x_wconf 97' lang='lat'>.</span> <span class='ocrx_word' id='word_1_120' title='bbox 1205 1145 1277 1172; x_wconf 88' lang='lat' dir='ltr'><strong><em>nec</em></strong></span> <span class='ocrx_word' id='word_1_121' title='bbox 1304 1133 1438 1172; x_wconf 81' lang='lat' dir='ltr'><strong><em>ullum</em></strong></span> <span class='ocrx_word' id='word_1_122' title='bbox 1464 1133 1595 1173; x_wconf 85' lang='lat' dir='ltr'><strong><em>scelus</em></strong></span> <span class='ocrx_word' id='word_1_123' title='bbox 1623 1164 1630 1171; x_wconf 93' lang='lat'>.</span> <span class='ocrx_word' id='word_1_124' title='bbox 1654 1164 1662 1171; x_wconf 89' lang='lat'><strong>.</strong></span> <span class='ocrx_word' id='word_1_125' title='bbox 1686 1164 1693 1171; x_wconf 93' lang='lat'>.</span> <span class='ocrx_word' id='word_1_126' title='bbox 1718 1164 1725 1171; x_wconf 91' lang='lat'><strong>.</strong></span> 
     </span>
     <span class='ocr_line' id='line_1_16' title="bbox 164 1187 1724 1239; baseline -0.001 -13"><span class='ocrx_word' id='word_1_127' title='bbox 164 1187 415 1238; x_wconf 84' lang='lat' dir='ltr'><strong><em>impunitum</em></strong></span> <span class='ocrx_word' id='word_1_128' title='bbox 448 1190 517 1238; x_wconf 90' lang='lat' dir='ltr'><strong><em>est,</em></strong></span> <span class='ocrx_word' id='word_1_129' title='bbox 554 1187 744 1239; x_wconf 81' lang='lat' dir='ltr'><strong><em>quoniam</em></strong></span> <span class='ocrx_word' id='word_1_130' title='bbox 776 1187 937 1227; x_wconf 84' lang='lat' dir='ltr'><strong><em>sceleris</em></strong></span> <span class='ocrx_word' id='word_1_131' title='bbox 970 1187 1016 1226; x_wconf 93' lang='lat' dir='ltr'><strong><em>in</em></strong></span> <span class='ocrx_word' id='word_1_132' title='bbox 1043 1188 1189 1227; x_wconf 87' lang='lat' dir='ltr'><strong><em>scelere</em></strong></span> <span class='ocrx_word' id='word_1_133' title='bbox 1222 1187 1473 1238; x_wconf 85' lang='lat' dir='ltr'><strong><em>supplicium</em></strong></span> <span class='ocrx_word' id='word_1_134' title='bbox 1501 1190 1560 1227; x_wconf 88' lang='lat' dir='ltr'><strong><em>est</em></strong></span> <span class='ocrx_word' id='word_1_135' title='bbox 1596 1220 1603 1227; x_wconf 91' lang='lat'><strong>.</strong></span> <span class='ocrx_word' id='word_1_136' title='bbox 1636 1219 1644 1226; x_wconf 91' lang='lat'><strong>.</strong></span> <span class='ocrx_word' id='word_1_137' title='bbox 1678 1219 1686 1226; x_wconf 89' lang='lat'>.</span> <span class='ocrx_word' id='word_1_138' title='bbox 1718 1217 1724 1224; x_wconf 93' lang='lat'>.</span> 
     </span>
     <span class='ocr_line' id='line_1_17' title="bbox 163 1241 1727 1293; baseline -0.001 -12"><span class='ocrx_word' id='word_1_139' title='bbox 163 1241 247 1281; x_wconf 92' lang='lat' dir='ltr'><strong><em>Hic</em></strong></span> <span class='ocrx_word' id='word_1_140' title='bbox 272 1241 568 1281; x_wconf 76' lang='lat' dir='ltr'><strong><em>consentiamus</em></strong></span> <span class='ocrx_word' id='word_1_141' title='bbox 591 1241 702 1280; x_wconf 87' lang='lat' dir='ltr'><strong><em>mala</em></strong></span> <span class='ocrx_word' id='word_1_142' title='bbox 724 1241 912 1291; x_wconf 84' lang='lat' dir='ltr'><strong><em>facinora</em></strong></span> <span class='ocrx_word' id='word_1_143' title='bbox 939 1241 1183 1281; x_wconf 86' lang='lat' dir='ltr'><strong><em>conscientia</em></strong></span> <span class='ocrx_word' id='word_1_144' title='bbox 1209 1241 1412 1293; x_wconf 75' lang='lat' dir='ltr'><strong><em>flayellari</em></strong></span> <span class='ocrx_word' id='word_1_145' title='bbox 1437 1244 1475 1280; x_wconf 90' lang='lat' dir='ltr'><strong><em>et</em></strong></span> <span class='ocrx_word' id='word_1_146' title='bbox 1496 1241 1727 1292; x_wconf 87' lang='lat' dir='ltr'><strong><em>plurimum</em></strong></span> 
     </span>
     <span class='ocr_line' id='line_1_18' title="bbox 164 1295 1727 1349; baseline 0 -13"><span class='ocrx_word' id='word_1_147' title='bbox 164 1295 229 1336; x_wconf 85' lang='lat' dir='ltr'><strong><em>illi</em></strong></span> <span class='ocrx_word' id='word_1_148' title='bbox 257 1298 542 1337; x_wconf 84' lang='lat' dir='ltr'><strong><em>tormentorum</em></strong></span> <span class='ocrx_word' id='word_1_149' title='bbox 571 1309 654 1336; x_wconf 89' lang='lat' dir='ltr'><strong><em>esse</em></strong></span> <span class='ocrx_word' id='word_1_150' title='bbox 683 1309 738 1346; x_wconf 93' lang='lat' dir='ltr'><strong><em>eo,</em></strong></span> <span class='ocrx_word' id='word_1_151' title='bbox 768 1296 873 1349; x_wconf 79' lang='lat' dir='ltr'><strong><em>quod</em></strong></span> <span class='ocrx_word' id='word_1_152' title='bbox 899 1299 1097 1347; x_wconf 83' lang='lat' dir='ltr'><strong><em>perpetuo</em></strong></span> <span class='ocrx_word' id='word_1_153' title='bbox 1126 1295 1237 1338; x_wconf 80' lang='lat' dir='ltr'><strong><em>illam</em></strong></span> <span class='ocrx_word' id='word_1_154' title='bbox 1272 1296 1500 1337; x_wconf 85' lang='lat' dir='ltr'><strong><em>sollicitudo</em></strong></span> <span class='ocrx_word' id='word_1_155' title='bbox 1535 1299 1652 1348; x_wconf 75' lang='lat' dir='ltr'><strong><em>uryet</em></strong></span> <span class='ocrx_word' id='word_1_156' title='bbox 1681 1308 1727 1336; x_wconf 89' lang='lat' dir='ltr'><strong><em>ac</em></strong></span> 
     </span>
     <span class='ocr_line' id='line_1_19' title="bbox 164 1350 1727 1402; baseline -0.001 -13"><span class='ocrx_word' id='word_1_157' title='bbox 164 1351 355 1400; x_wconf 82' lang='lat' dir='ltr'><strong><em>verberat,</em></strong></span> <span class='ocrx_word' id='word_1_158' title='bbox 399 1351 502 1402; x_wconf 80' lang='lat' dir='ltr'><strong><em>quod</em></strong></span> <span class='ocrx_word' id='word_1_159' title='bbox 548 1350 806 1402; x_wconf 82' lang='lat' dir='ltr'><strong><em>sponsoribus</em></strong></span> <span class='ocrx_word' id='word_1_160' title='bbox 847 1351 1078 1389; x_wconf 77' lang='lat' dir='ltr'><strong><em>securitatis</em></strong></span> <span class='ocrx_word' id='word_1_161' title='bbox 1119 1364 1217 1390; x_wconf 88' lang='lat' dir='ltr'><strong><em>suae</em></strong></span> <span class='ocrx_word' id='word_1_162' title='bbox 1264 1365 1345 1390; x_wconf 90' lang='lat' dir='ltr'><strong><em>non</em></strong></span> <span class='ocrx_word' id='word_1_163' title='bbox 1390 1354 1519 1402; x_wconf 88' lang='lat' dir='ltr'><strong><em>potest</em></strong></span> <span class='ocrx_word' id='word_1_164' title='bbox 1566 1350 1727 1389; x_wconf 87' lang='lat' dir='ltr'><strong><em>credere</em></strong></span> 
     </span>
     <span class='ocr_line' id='line_1_20' title="bbox 161 1403 1724 1467; baseline -0.001 -21"><span class='ocrx_word' id='word_1_165' title='bbox 161 1420 244 1460; x_wconf 89' lang='lat' dir='ltr'><strong><em>eqs.</em></strong></span> <span class='ocrx_word' id='word_1_166' title='bbox 275 1420 336 1467; x_wconf 76' lang='lat' dir='ltr'><strong><em>ep.</em></strong></span> <span class='ocrx_word' id='word_1_167' title='bbox 369 1407 490 1449; x_wconf 82' lang='lat'>105.7</span> <span class='ocrx_word' id='word_1_168' title='bbox 529 1420 585 1459; x_wconf 86' lang='lat' dir='ltr'><strong><em>sq.</em></strong></span> <span class='ocrx_word' id='word_1_169' title='bbox 626 1434 633 1442; x_wconf 91' lang='lat'><strong>.</strong></span> <span class='ocrx_word' id='word_1_170' title='bbox 665 1436 672 1443; x_wconf 93' lang='lat'><em>.</em></span> <span class='ocrx_word' id='word_1_171' title='bbox 707 1437 715 1444; x_wconf 93' lang='lat'><strong><em>.</em></strong></span> <span class='ocrx_word' id='word_1_172' title='bbox 748 1438 755 1444; x_wconf 89' lang='lat'>.</span> <span class='ocrx_word' id='word_1_173' title='bbox 791 1403 1015 1457; x_wconf 82' lang='lat' dir='ltr'><strong><em>Trepidant</em></strong></span> <span class='ocrx_word' id='word_1_174' title='bbox 1048 1404 1154 1446; x_wconf 87' lang='lat' dir='ltr'><strong><em>enim</em></strong></span> <span class='ocrx_word' id='word_1_175' title='bbox 1182 1417 1271 1446; x_wconf 87' lang='lat' dir='ltr'><strong><em>cum</em></strong></span> <span class='ocrx_word' id='word_1_176' title='bbox 1304 1405 1509 1455; x_wconf 52' lang='lat' dir='ltr'><strong><em>fecerun&amp;</em></strong></span> <span class='ocrx_word' id='word_1_177' title='bbox 1545 1404 1724 1444; x_wconf 84' lang='lat' dir='ltr'><strong><em>haerent.</em></strong></span> 
     </span>
     <span class='ocr_line' id='line_1_21' title="bbox 165 1459 1725 1512; baseline -0.001 -12"><span class='ocrx_word' id='word_1_178' title='bbox 165 1459 419 1500; x_wconf 78' lang='lat' dir='ltr'><strong><em>Conscientia</em></strong></span> <span class='ocrx_word' id='word_1_179' title='bbox 449 1459 563 1499; x_wconf 86' lang='lat' dir='ltr'><strong><em>aliud</em></strong></span> <span class='ocrx_word' id='word_1_180' title='bbox 598 1472 713 1511; x_wconf 79' lang='lat' dir='ltr'><strong><em>ayere</em></strong></span> <span class='ocrx_word' id='word_1_181' title='bbox 748 1464 830 1499; x_wconf 89' lang='lat' dir='ltr'><strong><em>non</em></strong></span> <span class='ocrx_word' id='word_1_182' title='bbox 857 1459 1015 1511; x_wconf 88' lang='lat' dir='ltr'><strong><em>patitur</em></strong></span> <span class='ocrx_word' id='word_1_183' title='bbox 1050 1472 1095 1499; x_wconf 89' lang='lat' dir='ltr'><strong><em>ac</em></strong></span> <span class='ocrx_word' id='word_1_184' title='bbox 1123 1459 1292 1500; x_wconf 82' lang='lat' dir='ltr'><strong><em>subinde</em></strong></span> <span class='ocrx_word' id='word_1_185' title='bbox 1326 1460 1565 1512; x_wconf 89' lang='lat' dir='ltr'><strong><em>respondere</em></strong></span> <span class='ocrx_word' id='word_1_186' title='bbox 1601 1461 1656 1499; x_wconf 87' lang='lat' dir='ltr'><strong><em>ad</em></strong></span> <span class='ocrx_word' id='word_1_187' title='bbox 1683 1473 1725 1499; x_wconf 88' lang='lat' dir='ltr'><strong><em>se</em></strong></span> 
     </span>
     <span class='ocr_line' id='line_1_22' title="bbox 161 1513 1726 1566; baseline 0 -13"><span class='ocrx_word' id='word_1_188' title='bbox 161 1514 266 1564; x_wconf 74' lang='lat' dir='ltr'><strong><em>eoyit</em></strong></span> <span class='ocrx_word' id='word_1_189' title='bbox 296 1546 303 1553; x_wconf 93' lang='lat'>.</span> <span class='ocrx_word' id='word_1_190' title='bbox 335 1545 343 1553; x_wconf 88' lang='lat'><strong>.</strong></span> <span class='ocrx_word' id='word_1_191' title='bbox 376 1547 383 1554; x_wconf 90' lang='lat'><strong>.</strong></span> <span class='ocrx_word' id='word_1_192' title='bbox 417 1545 424 1552; x_wconf 90' lang='lat'><em>.</em></span> <span class='ocrx_word' id='word_1_193' title='bbox 462 1516 580 1565; x_wconf 90' lang='lat' dir='ltr'><strong><em>putat</em></strong></span> <span class='ocrx_word' id='word_1_194' title='bbox 614 1513 720 1553; x_wconf 88' lang='lat' dir='ltr'><strong><em>enim</em></strong></span> <span class='ocrx_word' id='word_1_195' title='bbox 748 1526 801 1563; x_wconf 91' lang='lat' dir='ltr'><strong><em>se,</em></strong></span> <span class='ocrx_word' id='word_1_196' title='bbox 840 1513 998 1554; x_wconf 86' lang='lat' dir='ltr'><strong><em>etiamsi</em></strong></span> <span class='ocrx_word' id='word_1_197' title='bbox 1033 1527 1113 1553; x_wconf 91' lang='lat' dir='ltr'><strong><em>non</em></strong></span> <span class='ocrx_word' id='word_1_198' title='bbox 1149 1514 1472 1566; x_wconf 82' lang='lat' dir='ltr'><strong><em>deprehenditur,</em></strong></span> <span class='ocrx_word' id='word_1_199' title='bbox 1509 1526 1624 1566; x_wconf 92' lang='lat' dir='ltr'><strong><em>posse</em></strong></span> <span class='ocrx_word' id='word_1_200' title='bbox 1661 1514 1726 1553; x_wconf 90' lang='lat' dir='ltr'><strong><em>de-</em></strong></span> 
     </span>
     <span class='ocr_line' id='line_1_23' title="bbox 162 1567 1725 1621; baseline 0 -13"><span class='ocrx_word' id='word_1_201' title='bbox 162 1568 368 1621; x_wconf 85' lang='lat' dir='ltr'><strong><em>prehendi.</em></strong></span> <span class='ocrx_word' id='word_1_202' title='bbox 426 1568 484 1608; x_wconf 83' lang='lat' dir='ltr'><strong><em>Et</em></strong></span> <span class='ocrx_word' id='word_1_203' title='bbox 520 1567 628 1608; x_wconf 87' lang='lat' dir='ltr'><strong><em>inter</em></strong></span> <span class='ocrx_word' id='word_1_204' title='bbox 665 1580 822 1608; x_wconf 89' lang='lat' dir='ltr'><strong><em>somnos</em></strong></span> <span class='ocrx_word' id='word_1_205' title='bbox 857 1571 1036 1609; x_wconf 85' lang='lat' dir='ltr'><strong><em>movetur</em></strong></span> <span class='ocrx_word' id='word_1_206' title='bbox 1073 1571 1121 1619; x_wconf 90' lang='lat' dir='ltr'><strong><em>et,</em></strong></span> <span class='ocrx_word' id='word_1_207' title='bbox 1163 1568 1343 1621; x_wconf 82' lang='lat' dir='ltr'><strong><em>quotiens</em></strong></span> <span class='ocrx_word' id='word_1_208' title='bbox 1380 1567 1555 1608; x_wconf 84' lang='lat' dir='ltr'><strong><em>alieuius</em></strong></span> <span class='ocrx_word' id='word_1_209' title='bbox 1594 1568 1725 1608; x_wconf 88' lang='lat' dir='ltr'><strong><em>scelus</em></strong></span> 
     </span>
     <span class='ocr_line' id='line_1_24' title="bbox 163 1622 1371 1676; baseline 0.002 -14"><span class='ocrx_word' id='word_1_210' title='bbox 163 1623 355 1676; x_wconf 79' lang='lat' dir='ltr'><strong><em>loquitur,</em></strong></span> <span class='ocrx_word' id='word_1_211' title='bbox 386 1624 434 1662; x_wconf 92' lang='lat' dir='ltr'><strong><em>de</em></strong></span> <span class='ocrx_word' id='word_1_212' title='bbox 461 1636 534 1662; x_wconf 91' lang='lat' dir='ltr'><strong><em>suo</em></strong></span> <span class='ocrx_word' id='word_1_213' title='bbox 564 1622 709 1673; x_wconf 76' lang='lat' dir='ltr'><strong><em>coyitat</em></strong></span> <span class='ocrx_word' id='word_1_214' title='bbox 737 1624 850 1673; x_wconf 86' lang='lat' dir='ltr'><strong><em>etc.2)</em></strong></span> <span class='ocrx_word' id='word_1_215' title='bbox 907 1625 957 1663; x_wconf 87' lang='lat' dir='ltr'><strong><em>cf.</em></strong></span> <span class='ocrx_word' id='word_1_216' title='bbox 987 1625 1078 1664; x_wconf 87' lang='lat' dir='ltr'><strong><em>Juv.</em></strong></span> <span class='ocrx_word' id='word_1_217' title='bbox 1109 1639 1171 1664; x_wconf 85' lang='lat' dir='ltr'><strong><em>vv.</em></strong></span> <span class='ocrx_word' id='word_1_218' title='bbox 1204 1626 1279 1663; x_wconf 84' lang='lat'><strong><em>211</em></strong></span> <span class='ocrx_word' id='word_1_219' title='bbox 1312 1639 1371 1676; x_wconf 86' lang='lat' dir='ltr'><strong><em>sq.</em></strong></span> 
     </span>
    </p>

    <p class='ocr_par' dir='ltr' id='par_1_4' title="bbox 397 1676 1548 1947">
     <span class='ocr_line' id='line_1_25' title="bbox 398 1676 1501 1727; baseline 0.001 -12"><span class='ocrx_word' id='word_1_220' title='bbox 398 1676 608 1727; x_wconf 83' lang='lat' dir='ltr'><strong><em>Perpetua</em></strong></span> <span class='ocrx_word' id='word_1_221' title='bbox 637 1676 837 1726; x_wconf 76' lang='lat' dir='ltr'><strong><em>anxietas,</em></strong></span> <span class='ocrx_word' id='word_1_222' title='bbox 869 1689 940 1716; x_wconf 88' lang='lat' dir='ltr'><strong><em>nec</em></strong></span> <span class='ocrx_word' id='word_1_223' title='bbox 967 1690 1129 1716; x_wconf 82' lang='lat' dir='ltr'><strong><em>mensae</em></strong></span> <span class='ocrx_word' id='word_1_224' title='bbox 1159 1680 1333 1727; x_wconf 85' lang='lat' dir='ltr'><strong><em>tempore</em></strong></span> <span class='ocrx_word' id='word_1_225' title='bbox 1363 1681 1501 1722; x_wconf 84' lang='lat' dir='ltr'><strong><em>cessat,</em></strong></span> 
     </span>
     <span class='ocr_line' id='line_1_26' title="bbox 397 1785 1548 1838; baseline 0 -14"><span class='ocrx_word' id='word_1_226' title='bbox 397 1786 482 1825; x_wconf 75' lang='lat'><strong><em>217</em></strong></span> <span class='ocrx_word' id='word_1_227' title='bbox 507 1785 631 1825; x_wconf 82' lang='lat' dir='ltr'><strong><em>Nocte</em></strong></span> <span class='ocrx_word' id='word_1_228' title='bbox 662 1786 816 1825; x_wconf 85' lang='lat' dir='ltr'><strong><em>brevem</em></strong></span> <span class='ocrx_word' id='word_1_229' title='bbox 844 1785 881 1825; x_wconf 91' lang='lat' dir='ltr'><strong><em>si</em></strong></span> <span class='ocrx_word' id='word_1_230' title='bbox 907 1786 1011 1836; x_wconf 81' lang='lat' dir='ltr'><strong><em>forte</em></strong></span> <span class='ocrx_word' id='word_1_231' title='bbox 1040 1786 1214 1825; x_wconf 86' lang='lat' dir='ltr'><strong><em>indulsit</em></strong></span> <span class='ocrx_word' id='word_1_232' title='bbox 1242 1799 1342 1825; x_wconf 87' lang='lat' dir='ltr'><strong><em>cura</em></strong></span> <span class='ocrx_word' id='word_1_233' title='bbox 1368 1799 1548 1838; x_wconf 86' lang='lat' dir='ltr'><strong><em>soporem</em></strong></span> 
     </span>
     <span class='ocr_line' id='line_1_27' title="bbox 397 1839 1409 1893; baseline 0 -14"><span class='ocrx_word' id='word_1_234' title='bbox 397 1843 434 1879; x_wconf 90' lang='lat' dir='ltr'><strong><em>et</em></strong></span> <span class='ocrx_word' id='word_1_235' title='bbox 463 1842 540 1880; x_wconf 91' lang='lat' dir='ltr'><strong><em>toto</em></strong></span> <span class='ocrx_word' id='word_1_236' title='bbox 568 1843 728 1879; x_wconf 86' lang='lat' dir='ltr'><strong><em>versata</em></strong></span> <span class='ocrx_word' id='word_1_237' title='bbox 757 1843 840 1880; x_wconf 91' lang='lat' dir='ltr'><strong><em>toro</em></strong></span> <span class='ocrx_word' id='word_1_238' title='bbox 870 1839 954 1880; x_wconf 89' lang='lat' dir='ltr'><strong><em>iam</em></strong></span> <span class='ocrx_word' id='word_1_239' title='bbox 981 1840 1160 1884; x_wconf 83' lang='lat' dir='ltr'><strong><em>membra</em></strong></span> <span class='ocrx_word' id='word_1_240' title='bbox 1188 1840 1409 1893; x_wconf 82' lang='lat' dir='ltr'><strong><em>quiescunt,</em></strong></span> 
     </span>
     <span class='ocr_line' id='line_1_28' title="bbox 400 1894 1422 1947; baseline 0.001 -14"><span class='ocrx_word' id='word_1_241' title='bbox 400 1894 588 1934; x_wconf 87' lang='lat' dir='ltr'><strong><em>continuo</em></strong></span> <span class='ocrx_word' id='word_1_242' title='bbox 618 1895 812 1946; x_wconf 81' lang='lat' dir='ltr'><strong><em>templum</em></strong></span> <span class='ocrx_word' id='word_1_243' title='bbox 840 1898 878 1934; x_wconf 90' lang='lat' dir='ltr'><strong><em>et</em></strong></span> <span class='ocrx_word' id='word_1_244' title='bbox 905 1895 1045 1935; x_wconf 79' lang='lat' dir='ltr'><strong><em>violati</em></strong></span> <span class='ocrx_word' id='word_1_245' title='bbox 1073 1895 1256 1935; x_wconf 87' lang='lat' dir='ltr'><strong><em>numinis</em></strong></span> <span class='ocrx_word' id='word_1_246' title='bbox 1286 1895 1422 1947; x_wconf 79' lang='lat' dir='ltr'><strong><em>aras3)</em></strong></span> 
     </span>
    </p>

    <p class='ocr_par' dir='ltr' id='par_1_5' title="bbox 395 1948 1467 2001">
     <span class='ocr_line' id='line_1_29' title="bbox 395 1948 1467 2001; baseline 0 -13"><span class='ocrx_word' id='word_1_247' title='bbox 395 1951 444 1999; x_wconf 87' lang='lat' dir='ltr'><strong><em>et,</em></strong></span> <span class='ocrx_word' id='word_1_248' title='bbox 475 1949 579 2001; x_wconf 84' lang='lat' dir='ltr'><strong><em>quod</em></strong></span> <span class='ocrx_word' id='word_1_249' title='bbox 606 1948 839 2001; x_wconf 80' lang='lat' dir='ltr'><strong><em>praecipuis</em></strong></span> <span class='ocrx_word' id='word_1_250' title='bbox 866 1953 1039 1989; x_wconf 81' lang='lat' dir='ltr'><strong><em>mentem</em></strong></span> <span class='ocrx_word' id='word_1_251' title='bbox 1066 1949 1283 1990; x_wconf 81' lang='lat' dir='ltr'><strong><em>sudoribus</em></strong></span> <span class='ocrx_word' id='word_1_252' title='bbox 1311 1952 1467 2001; x_wconf 69' lang='lat' dir='ltr'><strong><em>uryuet,</em></strong></span> 
     </span>
    </p>

    <p class='ocr_par' dir='ltr' id='par_1_6' title="bbox 400 2003 835 2042">
     <span class='ocr_line' id='line_1_30' title="bbox 400 2003 835 2042; baseline 0 0"><span class='ocrx_word' id='word_1_253' title='bbox 400 2007 436 2042; x_wconf 92' lang='lat' dir='ltr'><strong><em>te</em></strong></span> <span class='ocrx_word' id='word_1_254' title='bbox 456 2003 572 2042; x_wconf 77' lang='lat' dir='ltr'><strong><em>&#39;videt</em></strong></span> <span class='ocrx_word' id='word_1_255' title='bbox 600 2004 645 2042; x_wconf 89' lang='lat' dir='ltr'><strong><em>in</em></strong></span> <span class='ocrx_word' id='word_1_256' title='bbox 673 2003 835 2042; x_wconf 89' lang='lat' dir='ltr'><strong><em>somnis.</em></strong></span> 
     </span>
    </p>

    <p class='ocr_par' dir='ltr' id='par_1_7' title="bbox 160 2058 1726 2316">
     <span class='ocr_line' id='line_1_31' title="bbox 292 2058 1726 2099; baseline 0 -1"><span class='ocrx_word' id='word_1_257' title='bbox 292 2058 417 2098; x_wconf 86' lang='lat' dir='ltr'><strong><em>Malos</em></strong></span> <span class='ocrx_word' id='word_1_258' title='bbox 444 2059 624 2099; x_wconf 89' lang='lat' dir='ltr'><strong><em>homines</em></strong></span> <span class='ocrx_word' id='word_1_259' title='bbox 652 2059 814 2099; x_wconf 88' lang='lat' dir='ltr'><strong><em>somniis</em></strong></span> <span class='ocrx_word' id='word_1_260' title='bbox 843 2062 883 2098; x_wconf 89' lang='lat' dir='ltr'><strong><em>et</em></strong></span> <span class='ocrx_word' id='word_1_261' title='bbox 909 2059 1140 2099; x_wconf 85' lang='lat' dir='ltr'><strong><em>fulminibus</em></strong></span> <span class='ocrx_word' id='word_1_262' title='bbox 1167 2060 1306 2099; x_wconf 86' lang='lat' dir='ltr'><strong><em>terreri</em></strong></span> <span class='ocrx_word' id='word_1_263' title='bbox 1330 2059 1564 2098; x_wconf 82' lang='lat' dir='ltr'><strong><em>Plutarchus</em></strong></span> <span class='ocrx_word' id='word_1_264' title='bbox 1589 2059 1726 2098; x_wconf 82' lang='lat' dir='ltr'><strong><em>scribit</em></strong></span> 
     </span>
     <span class='ocr_line' id='line_1_32' title="bbox 162 2114 1724 2166; baseline 0.001 -14"><span class='ocrx_word' id='word_1_265' title='bbox 162 2128 193 2153; x_wconf 83' lang='lat' dir='ltr'><strong><em>s.</em></strong></span> <span class='ocrx_word' id='word_1_266' title='bbox 225 2127 331 2153; x_wconf 91' lang='lat' dir='ltr'><strong><em>num.</em></strong></span> <span class='ocrx_word' id='word_1_267' title='bbox 361 2114 467 2153; x_wconf 87' lang='lat' dir='ltr'><strong><em>vind.</em></strong></span> <span class='ocrx_word' id='word_1_268' title='bbox 502 2115 568 2153; x_wconf 83' lang='lat'><strong><em>10:</em></strong></span> <span class='ocrx_word' id='word_1_269' title='bbox 598 2114 678 2153; x_wconf 86' lang='grc' dir='ltr'>Καὶ</span> <span class='ocrx_word' id='word_1_270' title='bbox 704 2116 781 2165; x_wconf 86' lang='grc' dir='ltr'><strong><em>γὰρ</em></strong></span> <span class='ocrx_word' id='word_1_271' title='bbox 812 2115 919 2165; x_wconf 84' lang='grc' dir='ltr'>ὄψεις</span> <span class='ocrx_word' id='word_1_272' title='bbox 945 2115 1144 2162; x_wconf 85' lang='grc' dir='ltr'>ἐνυπνίων,</span> <span class='ocrx_word' id='word_1_273' title='bbox 1171 2117 1240 2154; x_wconf 82' lang='grc' dir='ltr'>καὶ</span> <span class='ocrx_word' id='word_1_274' title='bbox 1265 2116 1453 2166; x_wconf 81' lang='grc' dir='ltr'>φάσματα</span> <span class='ocrx_word' id='word_1_275' title='bbox 1479 2114 1724 2166; x_wconf 80' lang='grc' dir='ltr'>μεθημερινὰ</span> 
     </span>
     <span class='ocr_line' id='line_1_33' title="bbox 161 2165 1722 2222; baseline 0.001 -16"><span class='ocrx_word' id='word_1_276' title='bbox 161 2169 232 2207; x_wconf 85' lang='grc' dir='ltr'>καὶ</span> <span class='ocrx_word' id='word_1_277' title='bbox 259 2169 432 2220; x_wconf 85' lang='grc' dir='ltr'>χρησμοὶ</span> <span class='ocrx_word' id='word_1_278' title='bbox 460 2169 529 2207; x_wconf 80' lang='grc' dir='ltr'>καὶ</span> <span class='ocrx_word' id='word_1_279' title='bbox 556 2168 811 2221; x_wconf 84' lang='grc' dir='ltr'>καταιβασίαι</span> <span class='ocrx_word' id='word_1_280' title='bbox 836 2169 905 2207; x_wconf 85' lang='grc' dir='ltr'>καὶ</span> <span class='ocrx_word' id='word_1_281' title='bbox 929 2169 961 2216; x_wconf 78' lang='grc' dir='ltr'><strong><em>ὅ,</em></strong></span> <span class='ocrx_word' id='word_1_282' title='bbox 989 2182 1024 2207; x_wconf 87' lang='grc' dir='ltr'><strong><em>τι</em></strong></span> <span class='ocrx_word' id='word_1_283' title='bbox 1049 2165 1166 2216; x_wconf 82' lang='grc' dir='ltr'>δόξαν</span> <span class='ocrx_word' id='word_1_284' title='bbox 1193 2170 1308 2222; x_wconf 80' lang='grc' dir='ltr'>ἔσχεν</span> <span class='ocrx_word' id='word_1_285' title='bbox 1339 2168 1440 2220; x_wconf 77' lang='grc' dir='ltr'>αἰτίᾳ</span> <span class='ocrx_word' id='word_1_286' title='bbox 1464 2168 1562 2207; x_wconf 76' lang='grc' dir='ltr'>θεοῦ</span> <span class='ocrx_word' id='word_1_287' title='bbox 1586 2169 1722 2220; x_wconf 80' lang='grc' dir='ltr'>περαί-</span> 
     </span>
     <span class='ocr_line' id='line_1_34' title="bbox 162 2223 1722 2276; baseline 0 -14"><span class='ocrx_word' id='word_1_288' title='bbox 162 2223 314 2270; x_wconf 75' lang='grc' dir='ltr'>νεσθαι,</span> <span class='ocrx_word' id='word_1_289' title='bbox 346 2228 542 2275; x_wconf 81' lang='grc' dir='ltr'>χειμῶνας</span> <span class='ocrx_word' id='word_1_290' title='bbox 567 2224 704 2275; x_wconf 83' lang='grc' dir='ltr'>ἐπάγει</span> <span class='ocrx_word' id='word_1_291' title='bbox 732 2224 801 2262; x_wconf 83' lang='grc' dir='ltr'>καὶ</span> <span class='ocrx_word' id='word_1_292' title='bbox 829 2223 970 2276; x_wconf 82' lang='grc' dir='ltr'>φόβους</span> <span class='ocrx_word' id='word_1_293' title='bbox 997 2230 1075 2271; x_wconf 81' lang='grc' dir='ltr'>τοῖς</span> <span class='ocrx_word' id='word_1_294' title='bbox 1105 2226 1204 2263; x_wconf 80' lang='grc' dir='ltr'>οὕτω</span> <span class='ocrx_word' id='word_1_295' title='bbox 1237 2223 1501 2275; x_wconf 81' lang='grc' dir='ltr'>διακειμένοις.</span> <span class='ocrx_word' id='word_1_296' title='bbox 1551 2223 1601 2263; x_wconf 86' lang='lat' dir='ltr'><strong><em>cf.</em></strong></span> <span class='ocrx_word' id='word_1_297' title='bbox 1631 2223 1722 2264; x_wconf 87' lang='lat' dir='ltr'><strong><em>Juv.</em></strong></span> 
     </span>
     <span class='ocr_line' id='line_1_35' title="bbox 160 2278 308 2316; baseline 0 0"><span class='ocrx_word' id='word_1_298' title='bbox 160 2291 197 2316; x_wconf 79' lang='lat' dir='ltr'><strong><em>v.</em></strong></span> <span class='ocrx_word' id='word_1_299' title='bbox 229 2278 308 2316; x_wconf 81' lang='lat'><strong><em>223</em></strong></span> 
     </span>
    </p>

    <p class='ocr_par' dir='ltr' id='par_1_8' title="bbox 292 2329 1613 2383">
     <span class='ocr_line' id='line_1_36' title="bbox 292 2329 1613 2383; baseline 0.002 -14"><span class='ocrx_word' id='word_1_300' title='bbox 292 2329 354 2369; x_wconf 87' lang='lat' dir='ltr'><strong><em>Hi</em></strong></span> <span class='ocrx_word' id='word_1_301' title='bbox 381 2333 489 2381; x_wconf 90' lang='lat' dir='ltr'><strong><em>sunt,</em></strong></span> <span class='ocrx_word' id='word_1_302' title='bbox 520 2329 589 2383; x_wconf 82' lang='lat' dir='ltr'><strong><em>qui</em></strong></span> <span class='ocrx_word' id='word_1_303' title='bbox 617 2329 824 2381; x_wconf 86' lang='lat' dir='ltr'><strong><em>trepidant</em></strong></span> <span class='ocrx_word' id='word_1_304' title='bbox 851 2332 890 2370; x_wconf 89' lang='lat' dir='ltr'><strong><em>et</em></strong></span> <span class='ocrx_word' id='word_1_305' title='bbox 918 2331 972 2371; x_wconf 93' lang='lat' dir='ltr'><strong><em>ad</em></strong></span> <span class='ocrx_word' id='word_1_306' title='bbox 1000 2331 1134 2372; x_wconf 87' lang='lat' dir='ltr'><strong><em>omnia</em></strong></span> <span class='ocrx_word' id='word_1_307' title='bbox 1161 2332 1329 2383; x_wconf 73' lang='lat' dir='ltr'><strong><em>fulqura</em></strong></span> <span class='ocrx_word' id='word_1_308' title='bbox 1357 2330 1512 2383; x_wconf 85' lang='lat' dir='ltr'><strong><em>pallent</em></strong></span> <span class='ocrx_word' id='word_1_309' title='bbox 1541 2337 1613 2372; x_wconf 88' lang='lat' dir='ltr'><strong><em>etc.</em></strong></span> 
     </span>
    </p>

    <p class='ocr_par' dir='ltr' id='par_1_9' title="bbox 160 2386 1725 2491">
     <span class='ocr_line' id='line_1_37' title="bbox 291 2386 1725 2438; baseline 0.001 -13"><span class='ocrx_word' id='word_1_310' title='bbox 291 2386 486 2425; x_wconf 85' lang='lat' dir='ltr'><strong><em>Naturam</em></strong></span> <span class='ocrx_word' id='word_1_311' title='bbox 520 2388 767 2438; x_wconf 85' lang='lat' dir='ltr'><strong><em>peccantium</em></strong></span> <span class='ocrx_word' id='word_1_312' title='bbox 797 2387 1002 2427; x_wconf 83' lang='lat' dir='ltr'><strong><em>Juvenalis</em></strong></span> <span class='ocrx_word' id='word_1_313' title='bbox 1030 2401 1109 2427; x_wconf 91' lang='lat' dir='ltr'><strong><em>uon</em></strong></span> <span class='ocrx_word' id='word_1_314' title='bbox 1137 2389 1251 2431; x_wconf 81' lang='lat' dir='ltr'><strong><em>aliter</em></strong></span> <span class='ocrx_word' id='word_1_315' title='bbox 1284 2387 1470 2426; x_wconf 84' lang='lat' dir='ltr'><strong><em>describit</em></strong></span> <span class='ocrx_word' id='word_1_316' title='bbox 1497 2400 1545 2426; x_wconf 83' lang='lat' dir='ltr'><strong><em>ac</em></strong></span> <span class='ocrx_word' id='word_1_317' title='bbox 1573 2388 1725 2426; x_wconf 85' lang='lat' dir='ltr'><strong><em>Seneca</em></strong></span> 
     </span>
     <span class='ocr_line' id='line_1_38' title="bbox 160 2438 1725 2491; baseline 0.001 -13"><span class='ocrx_word' id='word_1_318' title='bbox 160 2441 199 2479; x_wconf 84' lang='lat' dir='ltr'><strong><em>d.</em></strong></span> <span class='ocrx_word' id='word_1_319' title='bbox 230 2445 281 2480; x_wconf 86' lang='lat' dir='ltr'><strong><em>ot.</em></strong></span> <span class='ocrx_word' id='word_1_320' title='bbox 316 2443 401 2484; x_wconf 80' lang='lat' dir='ltr'>l.2:</span> <span class='ocrx_word' id='word_1_321' title='bbox 436 2438 546 2478; x_wconf 85' lang='lat' dir='ltr'><strong><em>Nam</em></strong></span> <span class='ocrx_word' id='word_1_322' title='bbox 574 2439 680 2478; x_wconf 87' lang='lat' dir='ltr'><strong><em>inter</em></strong></span> <span class='ocrx_word' id='word_1_323' title='bbox 709 2442 839 2480; x_wconf 88' lang='lat' dir='ltr'><strong><em>cetera</em></strong></span> <span class='ocrx_word' id='word_1_324' title='bbox 867 2441 977 2480; x_wconf 82' lang='lat' dir='ltr'><strong><em>mala</em></strong></span> <span class='ocrx_word' id='word_1_325' title='bbox 1005 2440 1111 2480; x_wconf 81' lang='lat' dir='ltr'><strong><em>illud</em></strong></span> <span class='ocrx_word' id='word_1_326' title='bbox 1133 2440 1357 2491; x_wconf 86' lang='lat' dir='ltr'><strong><em>pessimum</em></strong></span> <span class='ocrx_word' id='word_1_327' title='bbox 1384 2443 1454 2490; x_wconf 89' lang='lat' dir='ltr'><strong><em>est,</em></strong></span> <span class='ocrx_word' id='word_1_328' title='bbox 1491 2440 1598 2490; x_wconf 82' lang='lat' dir='ltr'><strong><em>quod</em></strong></span> <span class='ocrx_word' id='word_1_329' title='bbox 1624 2440 1725 2480; x_wconf 82' lang='lat' dir='ltr'><strong><em>vitia</em></strong></span> 
     </span>
    </p>
   </div>
   <div class='ocr_carea' id='block_1_4' title="bbox 181 2528 421 2533">
    <p class='ocr_par' dir='ltr' id='par_1_10' title="bbox 181 2528 421 2533">
     <span class='ocr_line' id='line_1_39' title="bbox 181 2528 421 2533; baseline 0 0"><span class='ocrx_word' id='word_1_330' title='bbox 181 2528 421 2533; x_wconf 95' lang='lat' dir='ltr'><strong><em> </em></strong></span> 
     </span>
    </p>
   </div>
   <div class='ocr_carea' id='block_1_5' title="bbox 162 2570 1724 2832">
    <p class='ocr_par' dir='ltr' id='par_1_11' title="bbox 162 2570 1724 2787">
     <span class='ocr_line' id='line_1_40' title="bbox 297 2570 1723 2613; baseline 0.002 -10"><span class='ocrx_word' id='word_1_331' title='bbox 297 2570 326 2610; x_wconf 90' lang='lat'><strong><em>1)</em></strong></span> <span class='ocrx_word' id='word_1_332' title='bbox 352 2570 395 2604; x_wconf 86' lang='lat' dir='ltr'><strong><em>cf.</em></strong></span> <span class='ocrx_word' id='word_1_333' title='bbox 425 2570 493 2613; x_wconf 87' lang='lat' dir='ltr'><strong><em>leg.</em></strong></span> <span class='ocrx_word' id='word_1_334' title='bbox 520 2573 547 2603; x_wconf 91' lang='lat'><strong><em>1.</em></strong></span> <span class='ocrx_word' id='word_1_335' title='bbox 560 2575 606 2611; x_wconf 75' lang='lat'><strong><em>403</em></strong></span> <span class='ocrx_word' id='word_1_336' title='bbox 635 2571 696 2604; x_wconf 88' lang='lat' dir='ltr'><strong><em>fin.</em></strong></span> <span class='ocrx_word' id='word_1_337' title='bbox 720 2572 751 2604; x_wconf 77' lang='lat'><strong><em>2.</em></strong></span> <span class='ocrx_word' id='word_1_338' title='bbox 762 2577 806 2604; x_wconf 83' lang='grc'><strong><em>53.</em></strong></span> <span class='ocrx_word' id='word_1_339' title='bbox 863 2571 941 2606; x_wconf 90' lang='lat' dir='ltr'><strong><em>Sen.</em></strong></span> <span class='ocrx_word' id='word_1_340' title='bbox 971 2572 1016 2606; x_wconf 89' lang='lat' dir='ltr'><strong><em>de</em></strong></span> <span class='ocrx_word' id='word_1_341' title='bbox 1044 2572 1099 2606; x_wconf 86' lang='lat' dir='ltr'><strong><em>ira</em></strong></span> <span class='ocrx_word' id='word_1_342' title='bbox 1123 2572 1166 2606; x_wconf 91' lang='lat' dir='ltr'><strong><em>II.</em></strong></span> <span class='ocrx_word' id='word_1_343' title='bbox 1190 2573 1241 2606; x_wconf 91' lang='grc'><strong><em>30.</em></strong></span> <span class='ocrx_word' id='word_1_344' title='bbox 1259 2576 1284 2605; x_wconf 81' lang='lat'><strong><em>2.</em></strong></span> <span class='ocrx_word' id='word_1_345' title='bbox 1342 2571 1432 2605; x_wconf 85' lang='lat' dir='ltr'><strong><em>Plut.</em></strong></span> <span class='ocrx_word' id='word_1_346' title='bbox 1463 2571 1508 2606; x_wconf 89' lang='lat' dir='ltr'><strong><em>de</em></strong></span> <span class='ocrx_word' id='word_1_347' title='bbox 1532 2581 1598 2606; x_wconf 86' lang='lat' dir='ltr'><strong><em>ser.</em></strong></span> <span class='ocrx_word' id='word_1_348' title='bbox 1627 2582 1723 2606; x_wconf 92' lang='lat' dir='ltr'><strong><em>num.</em></strong></span> 
     </span>
     <span class='ocr_line' id='line_1_41' title="bbox 162 2614 1724 2697; baseline 0.001 -51"><span class='ocrx_word' id='word_1_349' title='bbox 162 2614 266 2691; x_wconf 46' lang='lat' dir='ltr'><strong><em>{jusit</em></strong></span> <span class='ocrx_word' id='word_1_350' title='bbox 292 2614 500 2697; x_wconf 46' lang='lat' dir='ltr'><strong><em>5335349)B;6.</em></strong></span> <span class='ocrx_word' id='word_1_351' title='bbox 528 2619 644 2656; x_wconf 84' lang='lat' dir='ltr'><strong><em>tranq.</em></strong></span> <span class='ocrx_word' id='word_1_352' title='bbox 679 2623 735 2648; x_wconf 86' lang='lat' dir='ltr'><strong><em>an.</em></strong></span> <span class='ocrx_word' id='word_1_353' title='bbox 772 2617 811 2649; x_wconf 84' lang='lat'><strong><em>19</em></strong></span> <span class='ocrx_word' id='word_1_354' title='bbox 847 2626 880 2657; x_wconf 87' lang='lat' dir='ltr'><strong><em>p.</em></strong></span> <span class='ocrx_word' id='word_1_355' title='bbox 914 2618 979 2649; x_wconf 85' lang='lat'><strong><em>476</em></strong></span> <span class='ocrx_word' id='word_1_356' title='bbox 994 2616 1029 2649; x_wconf 87' lang='lat' dir='ltr'><strong><em>F.</em></strong></span> <span class='ocrx_word' id='word_1_357' title='bbox 1068 2616 1303 2656; x_wconf 79' lang='lat' dir='ltr'><strong><em>(Bonhoeffer‚</em></strong></span> <span class='ocrx_word' id='word_1_358' title='bbox 1338 2615 1396 2648; x_wconf 86' lang='lat' dir='ltr'><strong><em>die</em></strong></span> <span class='ocrx_word' id='word_1_359' title='bbox 1433 2615 1542 2649; x_wconf 87' lang='lat' dir='ltr'><strong><em>Ethik</em></strong></span> <span class='ocrx_word' id='word_1_360' title='bbox 1576 2616 1640 2649; x_wconf 88' lang='lat' dir='ltr'><strong><em>des</em></strong></span> <span class='ocrx_word' id='word_1_361' title='bbox 1674 2616 1724 2649; x_wconf 86' lang='lat' dir='ltr'><strong><em>St.</em></strong></span> 
     </span>
     <span class='ocr_line' id='line_1_42' title="bbox 178 2667 1723 2744; baseline 0.002 -10"><span class='ocrx_word' id='word_1_362' title='bbox 178 2667 214 2700; x_wconf 37' lang='grc' dir='ltr'><strong><em>ΑΡ</em></strong></span> <span class='ocrx_word' id='word_1_363' title='bbox 268 2683 330 2741; x_wconf 46' lang='grc'><strong><em>’23</em></strong></span> <span class='ocrx_word' id='word_1_364' title='bbox 352 2700 396 2735; x_wconf 87' lang='lat' dir='ltr'><strong><em>cf.</em></strong></span> <span class='ocrx_word' id='word_1_365' title='bbox 417 2684 481 2744; x_wconf 63' lang='grc' dir='ltr'><strong><em>ἐρ.</em></strong></span> <span class='ocrx_word' id='word_1_366' title='bbox 505 2701 558 2735; x_wconf 85' lang='grc'><strong><em>43.</em></strong></span> <span class='ocrx_word' id='word_1_367' title='bbox 575 2707 602 2743; x_wconf 88' lang='grc'><strong><em>5,</em></strong></span> <span class='ocrx_word' id='word_1_368' title='bbox 626 2703 721 2735; x_wconf 83' lang='grc'><strong>97.13</strong></span> <span class='ocrx_word' id='word_1_369' title='bbox 744 2702 788 2736; x_wconf 85' lang='lat' dir='ltr'><strong><em>fr.</em></strong></span> <span class='ocrx_word' id='word_1_370' title='bbox 815 2703 869 2743; x_wconf 81' lang='lat'><strong><em>143</em></strong></span> <span class='ocrx_word' id='word_1_371' title='bbox 905 2702 950 2736; x_wconf 87' lang='lat' dir='ltr'><strong><em>de</em></strong></span> <span class='ocrx_word' id='word_1_372' title='bbox 978 2702 1080 2736; x_wconf 88' lang='lat' dir='ltr'><strong><em>clem.</em></strong></span> <span class='ocrx_word' id='word_1_373' title='bbox 1111 2702 1134 2736; x_wconf 87' lang='lat'><strong><em>1.</em></strong></span> <span class='ocrx_word' id='word_1_374' title='bbox 1161 2704 1209 2736; x_wconf 88' lang='lat'><strong><em>13.</em></strong></span> <span class='ocrx_word' id='word_1_375' title='bbox 1228 2708 1243 2733; x_wconf 81' lang='lat'><strong>3</strong></span> <span class='ocrx_word' id='word_1_376' title='bbox 1271 2704 1328 2743; x_wconf 83' lang='lat' dir='ltr'><strong><em>(tr.</em></strong></span> <span class='ocrx_word' id='word_1_377' title='bbox 1358 2712 1415 2736; x_wconf 88' lang='lat' dir='ltr'><strong><em>an.</em></strong></span> <span class='ocrx_word' id='word_1_378' title='bbox 1439 2703 1484 2742; x_wconf 75' lang='lat'><strong><em>2).</em></strong></span> <span class='ocrx_word' id='word_1_379' title='bbox 1531 2702 1624 2737; x_wconf 83' lang='lat' dir='ltr'><strong><em>Plut.</em></strong></span> <span class='ocrx_word' id='word_1_380' title='bbox 1653 2713 1723 2737; x_wconf 89' lang='lat' dir='ltr'><strong><em>non</em></strong></span> 
     </span>
     <span class='ocr_line' id='line_1_43' title="bbox 162 2745 1386 2787; baseline 0 -11"><span class='ocrx_word' id='word_1_381' title='bbox 162 2753 268 2784; x_wconf 87' lang='lat' dir='ltr'><strong><em>posse</em></strong></span> <span class='ocrx_word' id='word_1_382' title='bbox 292 2745 451 2778; x_wconf 82' lang='lat' dir='ltr'><strong><em>suaviter</em></strong></span> <span class='ocrx_word' id='word_1_383' title='bbox 474 2755 506 2777; x_wconf 91' lang='lat' dir='ltr'><strong><em>v.</em></strong></span> <span class='ocrx_word' id='word_1_384' title='bbox 531 2754 598 2778; x_wconf 89' lang='lat' dir='ltr'><strong><em>sec.</em></strong></span> <span class='ocrx_word' id='word_1_385' title='bbox 625 2745 685 2787; x_wconf 87' lang='lat' dir='ltr'><strong><em>Ep.</em></strong></span> <span class='ocrx_word' id='word_1_386' title='bbox 709 2748 772 2779; x_wconf 82' lang='lat'>6.1.</span> <span class='ocrx_word' id='word_1_387' title='bbox 1383 2749 1386 2751; x_wconf 89' lang='grc'><em>·</em></span> 
     </span>
    </p>

    <p class='ocr_par' dir='ltr' id='par_1_12' title="bbox 293 2787 1723 2832">
     <span class='ocr_line' id='line_1_44' title="bbox 293 2787 1723 2832; baseline -0.001 -12"><span class='ocrx_word' id='word_1_388' title='bbox 293 2788 328 2828; x_wconf 87' lang='grc'><strong><em>3)</em></strong></span> <span class='ocrx_word' id='word_1_389' title='bbox 351 2787 522 2830; x_wconf 82' lang='lat' dir='ltr'><strong><em>Sacrilegi</em></strong></span> <span class='ocrx_word' id='word_1_390' title='bbox 538 2790 574 2821; x_wconf 87' lang='lat' dir='ltr'><strong><em>et</em></strong></span> <span class='ocrx_word' id='word_1_391' title='bbox 589 2788 678 2821; x_wconf 83' lang='lat' dir='ltr'><strong><em>furis</em></strong></span> <span class='ocrx_word' id='word_1_392' title='bbox 697 2791 828 2822; x_wconf 83' lang='lat' dir='ltr'><strong><em>metum</em></strong></span> <span class='ocrx_word' id='word_1_393' title='bbox 847 2789 991 2822; x_wconf 83' lang='lat' dir='ltr'><strong><em>divinae</em></strong></span> <span class='ocrx_word' id='word_1_394' title='bbox 1008 2789 1188 2822; x_wconf 85' lang='lat' dir='ltr'><strong><em>vindictae</em></strong></span> <span class='ocrx_word' id='word_1_395' title='bbox 1209 2789 1374 2831; x_wconf 83' lang='lat' dir='ltr'><strong><em>depingit</em></strong></span> <span class='ocrx_word' id='word_1_396' title='bbox 1390 2789 1525 2823; x_wconf 85' lang='lat' dir='ltr'><strong><em>Seneca</em></strong></span> <span class='ocrx_word' id='word_1_397' title='bbox 1545 2799 1599 2832; x_wconf 87' lang='lat' dir='ltr'><strong><em>ep.</em></strong></span> <span class='ocrx_word' id='word_1_398' title='bbox 1617 2792 1667 2823; x_wconf 88' lang='grc'><strong><em>78.</em></strong></span> <span class='ocrx_word' id='word_1_399' title='bbox 1681 2794 1723 2820; x_wconf 80' lang='lat'><strong><em>22.</em></strong></span> 
     </span>
    </p>
   </div>
  </div>
 </body>
</html>
