1980 3097
907 159 1147 198 -34—

498 288 576 328 Hic
604 288 732 339 turpis
761 287 913 338 Cybeles
941 291 975 329 et
999 288 1127 339 fracta
1156 301 1239 337 voce
1267 289 1452 340 loquendi

501 343 679 390 libatam
708 345 743 381 et
770 344 880 382 crine
903 356 1017 383 senex
1043 343 1246 391 fanaticus
1273 344 1361 383 albo

497 408 698 436 sacrorum
727 397 897 442 antistes,
930 409 1070 436 rarum
1099 409 1143 436 ac
1171 397 1415 437 memorabile
1443 398 1580 449 maqm'

446 494 449 497 ,
496 450 671 502 yutturis
698 450 914 501 exemplum
942 451 1288 501 conducendzwque
1318 452 1551 503 mayister.¹)

497 505 602 554 Quid
631 507 761 544 tamen
789 508 1020 556 exspectant,
1049 505 1226 556 Phryyio
1252 518 1348 555 quos
1376 508 1523 555 tempus
1549 508 1635 545 erat
1661 506 1743 545 iam

497 571 601 599 more
628 571 910 609 supervamcam
935 559 1074 600 cultris
1101 558 1332 610 abrumpere
1359 559 1545 600 carnem?

233 636 401 685 Isidis,2)
431 636 633 685 Bellonae,
645 635 677 684 3)
708 635 845 675 Bonae
881 635 1022 686 deae4)
1059 649 1167 675 sacra
1207 649 1295 675 cum
1331 637 1476 689 stupris
1511 640 1550 674 et
1584 636 1812 674 comessati-

234 692 376 730 onibus
407 690 617 730 coniuncta
647 690 787 729 eodem
817 691 947 730 studio
978 691 1224 730 denotantur.
1258 712 1308 718 —-

366 751 489 790 Vides
518 750 794 802 mysteriorum
831 751 1013 791 irrisione
1049 755 1211 803 excepta
1245 751 1343 790 nihil
1378 755 1532 790 exstare
1561 751 1602 790 in
1630 750 1692 789 his
1720 763 1809 788 ver-

233 806 355 852 sibus,
386 806 491 856 quod
535 818 613 843 non
657 806 878 856 reperiatur
919 807 961 844 in
1003 806 1146 844 talibus
1190 805 1356 856 dialogis
1396 805 1574 853 Luciani,
1616 805 1753 856 quales
1788 817 1810 842 e

232 859 406 898 fontibus
436 858 594 912 Cynicis
625 859 742 898 facile
771 860 943 898 derivari
972 864 1146 911 possunt.
1205 859 1320 903 Quod
1351 872 1603 911 nequaquam
1627 858 1812 898 mirabile'

233 919 304 962 est,
349 928 438 954 cum
478 915 534 953 illi
575 927 623 953 ex
663 913 911 953 Antisthenis
951 915 1193 966 temporibus
1232 914 1352 954 falsas
1396 915 1560 953 deorum
1603 914 1810 965 opiniones

231 969 413 1007 refellere
448 969 617 1008 maxime
648 969 722 1006 sibi
750 968 1071 1020 proponerent.⁵)
1130 969 1208 1008 Sed
1237 969 1391 1008 etiamsi
1417 968 1554 1021 Cynici
1582 981 1663 1007 non
1691 968 1809 1019 primi

231 1024 443 1074 populares
471 1023 565 1061 deos
600 1023 743 1061 multos
784 1023 1117 1074 impugnaverint,
1147 1027 1280 1062 tamen
1320 1023 1434 1074 primi
1476 1023 1579 1062 hanc
1612 1023 1719 1061 viam
1747 1022 1809 1060 in-

231 1079 362 1116 ierunt
391 1077 440 1115 ad
470 1077 663 1115 tollendos
691 1077 938 1115 turbulentos
972 1077 1082 1127 vulgi
1122 1090 1287 1115 errores.
1357 1075 1666 1128 Xenophanesfl)
1702 1077 1808 1115 enim

231 1131 344 1169 Plato
356 1130 388 1179 ⁷)
419 1130 565 1181 aliique
595 1135 802 1181 poetarum
837 1130 992 1169 fabulas
1027 1130 1212 1169 mentitas
1248 1143 1334 1170 esse
1369 1131 1531 1170 consilio
1576 1143 1621 1170 ac
1655 1130 1808 1169 ratione

231 1186 567 1234 demonstrabant,
606 1198 694 1224 cum
731 1185 907 1224 dicerent
941 1185 1269 1236 perfectissimam
1305 1199 1391 1224 esse
1425 1190 1608 1225 naturam
1643 1185 1807 1224 deorum

231 1245 299 1278 aut
330 1240 428 1278 nihil
464 1240 628 1277 humani
657 1239 816 1277 habere.
876 1240 1005 1282 Quam
1039 1240 1088 1277 ob
1117 1252 1202 1278 rem
1233 1239 1396 1289 Stoioiss)
1426 1244 1544 1291 atque
1574 1239 1693 1278 etiam
1723 1240 1807 1278 An-

231 1292 479 1344 tisthenes‚⁹)
509 1295 577 1346 qui
606 1293 866 1334 fundamenta
905 1294 1062 1344 scholae
1093 1293 1332 1347 Cynicorum
1372 1295 1476 1344 iecit,
1506 1308 1573 1335 eas
1602 1295 1658 1334 ita
1685 1294 1807 1334 inter·
1875 1294 1878 1298 ’

230 1351 500 1401 pretabantur,
526 1355 569 1387 ut
588 1350 719 1388 verbis
740 1349 860 1388 alium
882 1363 1040 1388 sensum
1061 1354 1339 1401 supponerent.
1396 1349 1654 1388 Recentiores
1674 1354 1806 1388 autem

231 1404 365 1455 Cynici
397 1404 607 1455 populares
633 1404 838 1456 opiniones
859 1403 1109 1442 adminiculis
1128 1404 1385 1455 popularibus
1414 1404 1474 1443 usi
1493 1404 1806 1451 labefactabant3

230 1460 331 1497 sicut
358 1464 499 1510 poetae
530 1458 671 1497 comici
700 1458 867 1496 ridicula
901 1458 1121 1496 reddebant
1154 1459 1283 1497 studia
1319 1458 1494 1506 deorum,
1525 1459 1591 1510 qui
1626 1459 1666 1497 in
1697 1458 1806 1497 caelo

231 1518 415 1564 terraque
445 1513 633 1551 amabant
673 1517 712 1551 et
752 1512 995 1561 rixabantur,
1025 1512 1195 1551 edebant
1235 1519 1274 1551 et
1308 1512 1508 1552 bibebant.
1565 1512 1807 1552 Difficilibus

230 1568 549 1606 conclusionibus
581 1571 649 1605 aut
678 1567 801 1605 doctis
831 1567 1220 1618 interpretationibus
1241 1567 1483 1606 multitudini
1511 1568 1692 1606 indoctae
1720 1580 1807 1605 mo-

230 1621 561 1670 lestiam-afferre
594 1621 789 1660 nolebant.
848 1620 999 1659 Tamen
1030 1634 1096 1659 eos
1127 1634 1204 1659 non
1235 1621 1352 1660 modo
1382 1621 1504 1660 risum
1534 1634 1705 1668 movere,
1735 1621 1805 1659 sed

229 1676 348 1715 etiam
386 1676 457 1715 has
486 1675 690 1727 opiniones
730 1679 907 1714 evertere
936 1675 1107 1714 voluisse
1139 1675 1232 1714 mihi
1261 1689 1493 1727 persuasum
1523 1680 1592 1715 est.
1604 1672 1655 1725 ¹⁰)
1685 1676 1807 1714 Velut

229 1731 459 1769 Oenomaus
494 1743 730 1777 sermonem,
762 1730 828 1780 qui
865 1730 1092 1768 inscribitur
1126 1744 1165 1768 π.
1197 1743 1306 1781 γοητ.
1337 1743 1450 1781 φωρ,
1480 1739 1562 1769 tam
1591 1730 1807 1769 efficaciter

228 1785 462 1837 composuit,
492 1789 535 1823 ut
571 1797 685 1823 nemo
722 1784 887 1832 dubitet,
918 1785 1012 1836 quin
1057 1784 1095 1823 id
1125 1798 1168 1823 re
1196 1798 1291 1824 vera
1334 1786 1472 1836 egerit,
1501 1798 1552 1824 ne
1596 1785 1804 1836 quisquam

227 1841 391 1879 oracula
421 1839 646 1878 consuleret
676 1844 745 1877 aut
774 1839 937 1877 deorum
969 1840 1116 1877 cultum
1146 1843 1332 1877 servaret.

358 1899 499 1950 Itaque
532 1899 701 1937 diatriba
730 1899 799 1937 illa
829 1897 977 1950 Cynica
1018 1899 1189 1937 maxime
1231 1899 1374 1938 idonea
1417 1902 1501 1937 erat
1535 1898 1585 1937 ad
1614 1902 1804 1947 saturam,

228 1953 332 2004 quod
378 1958 484 1992 recte
514 1953 786 1991 Romanorum
822 1957 964 2003 poetae
999 1966 1044 1992 ac
1074 1953 1272 1991 Lucianus
1302 1957 1582 2004 cognoverunt.
1641 1953 1804 1992 Diutius

226 2009 264 2045 iu
296 2008 370 2045 hac
401 2020 443 2045 re
474 2012 653 2045 versatus
683 2020 782 2055 sum,
805 2020 882 2045 non
905 2020 981 2057 quo
1001 2007 1232 2045 Iuvenalem
1252 2007 1315 2045 hic
1337 2020 1494 2058 quoque
1514 2020 1537 2045 a
1556 2007 1805 2058 philosophis

226 2061 319 2100 solis
360 2061 532 2112 pendere
574 2066 937 2109 commonstrarem,
969 2062 1037 2100 sed
1078 2066 1120 2099 ut
1159 2062 1298 2112 paucis
1337 2061 1469 2100 verbis
1509 2061 1803 2108 adumbrarem,

226 2117 390 2155 ubinam
419 2116 597 2167 primarii
628 2115 756 2154 fontes
787 2120 1008 2154 saturarum
1039 2115 1254 2167 indagandi
1281 2119 1423 2154 essent.
1480 2115 1581 2154 Nam
1602 2116 1716 2155 aliter
1735 2116 1802 2155 alii

225 2183 291 2209 eas
322 2183 384 2208 res
414 2171 591 2221 aggressi
621 2175 723 2218 sunt,
754 2170 858 2220 quod
888 2170 1006 2208 facile
1035 2183 1263 2220 cognoscas,
1294 2171 1327 2208 si
1356 2183 1516 2208 carmen
1535 2169 1706 2219 Lucreti,
1733 2171 1802 2221 qui

226 2225 395 2263 eandem
425 2224 633 2263 materiam
672 2228 815 2263 tractat
844 2225 881 2264 3.
898 2235 962 2267 978
982 2238 1053 2276 sq„
1084 2238 1172 2263 cum
1211 2224 1392 2263 versibus
1429 2225 1553 2264 nostri
1582 2237 1800 2277 compares.

227 2280 337 2317 Alius
367 2284 427 2318 est
455 2284 569 2318 tenor
597 2280 638 2317 in
676 2279 944 2318 immolatione
980 2279 1211 2330 Iphigeniae
1248 2279 1508 2317 describenda
1542 2279 1644 2330 apud
1681 2279 1803 2318 Luci-

359 2398 390 2436 1)
414 2397 457 2430 cf.
484 2396 597 2439 Epict.
625 2397 667 2430 Il.
692 2399 799 2431 20.17.

356 2441 390 2480 2)
414 2440 457 2474 cf.
475 2439 550 2473 Iuv.
565 2442 596 2473 6.
610 2450 754 2479 524-5413
778 2442 809 2473 8.
819 2452 851 2475 29
868 2442 912 2480 (9.
927 2450 974 2480 223
1000 2442 1107 2477 6.489:
1135 2441 1185 2474 13.
1195 2450 1226 2475 92
1251 2449 1302 2483 sq.
1320 2441 1410 2475 122⁸
1434 2440 1478 2474 cf.
1503 2440 1645 2474 Lucian.
1662 2440 1696 2474 d.
1713 2440 1747 2474 d.
1763 2441 1802 2481 3)

225 2483 305 2517 Sen.
329 2483 370 2516 fr.
395 2486 436 2518 35
462 2483 586 2525 (Glem.
610 2494 661 2526 pr.
686 2486 738 2518 50.
763 2483 846 2518 Min.
873 2483 944 2518 Fel.
970 2485 1069 2526 2213
1094 2486 1179 2519 28.9.
1205 2483 1298 2518 Lact.
1325 2483 1348 2517 l.
1374 2484 1491 2524 21.2o).

357 2527 391 2567 3)
408 2529 452 2561 ct.
477 2530 587 2569 6.512;
610 2530 720 2569 4.124;
744 2527 838 2568 (Sen.
863 2528 905 2562 fr.
930 2529 987 2566 393
1011 2527 1093 2561 Min.
1120 2527 1191 2561 Fel.
1216 2528 1268 2561 30.
1279 2540 1301 2561 5.
1326 2527 1422 2561 Lact.
1446 2528 1469 2560 Ι.
1495 2529 1599 2563 21.1e.
1616 2527 1656 2560 V.
1681 2529 1803 2567 10.15).

355 2572 391 2609 4)
416 2571 459 2603 cf.
484 2573 513 2603 6.
524 2581 572 2607 314
594 2580 646 2613 sq.
672 2571 759 2611 (ase
782 2571 851 2613 sq.)
878 2570 987 2612 [Lact.
1013 2571 1037 2603 1.
1063 2571 1166 2606 2211.
1193 2571 1249 2604 ΙΙΙ.
1275 2570 1373 2612 20.4.]

356 2614 390 2652 5)
415 2614 458 2647 cf.
485 2613 553 2648 Cic.
578 2614 624 2648 de
646 2616 718 2648 nat.
745 2613 841 2648 deor.
866 2614 891 2647 1.
909 2612 961 2647 32.

356 2658 390 2696 6)
415 2665 471 2699 ap.
495 2658 580 2691 nus.
605 2667 659 2692 ev.
686 2659 778 2694 13-13
802 2673 842 2685 =
868 2657 977 2697 Diels,
1001 2660 1094 2700 poet.
1119 2657 1207 2699 phil.
1232 2657 1320 2691 Xen.
1345 2657 1388 2691 fr.
1416 2660 1454 2691 14
1480 2658 1531 2699 (p.
1555 2658 1622 2697 40).

356 2701 391 2739 7)
415 2700 450 2732 Z.
475 2700 516 2733 Il.
542 2701 632 2735 1⁴928
655 2710 707 2742 sq.
841 2701 879 2740 8)
905 2701 948 2733 cf.
974 2700 1088 2734 Zeller
1113 2700 1168 2733 ΙΙΙ.
1198 2699 1286 2736 13321
1310 2710 1362 2742 sq.

356 2743 390 2783 9)
415 2743 460 2777 cf.
484 2742 518 2776 Ζ.
543 2744 586 2776 11.
613 2743 711 2780 1⁴330.
853 2744 905 2784 10)
931 2743 974 2777 cf.
1000 2743 1193 2784 Fritzsche‚
1220 2743 1300 2777 Luc.
1326 2753 1382 2786 op.
1406 2743 1463 2777 111.
1490 2746 1518 2777 1.
1541 2754 1575 2786 p.
1599 2746 1620 2776 4
1644 2752 1697 2785 sq.
