1980 3097
346 275 472 315 Venio
502 276 551 314 ad
582 289 668 315 eam
701 278 870 328 speciem
902 277 1278 328 exemplificationiS,
1315 290 1393 328 qua
1428 290 1516 315 una
1552 277 1680 315 notio
1710 277 1783 315 vel

215 331 454 369 sententia
483 331 528 368 in
558 332 803 382 complura
832 331 1045 383 exempla
1074 330 1403 380 dissolvitur'),
1434 344 1512 382 qua
1542 344 1583 370 re
1613 331 1783 370 dilucide

215 398 347 424 rerum
377 385 507 435 imago
539 385 587 423 ad
609 387 783 424 animum
814 385 984 424 refertur
1012 389 1130 436 atque
1150 386 1266 424 etiam
1298 385 1495 424 abstracta
1519 386 1629 437 quasi
1660 385 1783 424 oculis

215 445 440 478 cernuntur.
517 439 746 479 Democrito
799 441 1049 492 magistratus
1098 440 1299 479 Romanos
1346 440 1521 480 ridiculis
1562 440 1782 505 insignibus

214 501 373 534 ornatos
403 496 558 544 ignotos
588 494 708 534 fuisse
737 495 792 534 ita
821 495 1029 534 Juvenalis
1058 495 1242 546 exprimit
1273 496 1333 533 10.
1348 506 1407 538 34:

585 584 863 622 quamquam
894 584 979 611 77οη
1005 573 1127 611 essent
1154 570 1316 611 urbibus
1344 570 1425 610 illis

537 629 771 676 praetextae,
802 626 964 675 trabeae,
991 626 1111 675 fasces
1139 625 1277 674 lectica,
1308 625 1532 673 tribunam)

216 712 407 762 Pompam
437 712 628 762 praetoris
657 712 760 751 ludis
789 713 1030 751 circensibus
1058 713 1316 764 praesidentis
1345 712 1428 763 pari
1463 712 1664 763 diligentia
1694 712 1782 750 des-

214 766 329 804 cribit
373 766 432 804 10.
448 776 588 808 36-45.
675 766 890 818 Imperium
941 767 1235 818 potentiamque
1278 779 1517 818 magnopere
1560 767 1782 817 cupientem

212 821 429 870 interrogat
460 821 520 858 10.
538 832 597 861 90:

486 896 598 935 Visne
623 895 796 935 salutari
822 897 922 935 siciet
948 895 1128 943 Seianus,
1159 896 1296 935 babere

476 949 719 989 tandumdem
748 952 865 998 atque
894 949 957 988 illi
983 961 1157 988 summas
1185 950 1335 989 donare
1362 950 1513 989 curules

476 1003 589 1042 illum
617 1003 844 1043 erere-itibus
867 1015 1118 1053 praeponere,
1150 1006 1256 1043 tutor
1284 1003 1418 1044 haberi

470 1058 693 1107 principis?
722 1087 730 1095 .
763 1086 773 1096 .

597 1111 703 1150 ‚Vis
730 1113 825 1150 certe
848 1111 935 1161 pila
964 1110 1130 1151 cohortes

472 1140 641 1217 eqreyios
669 1168 813 1216 equites
838 1169 871 1205 et
899 1169 1025 1205 c-astra
1055 1167 1271 1216 domestica,
1301 1166 1444 1216 quidni

476 1220 566 1258 haee
593 1220 756 1270 cupias?

215 1295 290 1334 Pro
320 1296 446 1346 gloria
478 1296 635 1335 militari
666 1297 822 1348 singula
851 1302 1013 1349 tropaea
1042 1309 1230 1348 armaque
1261 1297 1437 1336 nominat
1468 1298 1630 1339 10.133:

528 1372 733 1412 Bellorum
760 1374 935 1422 eaeuviae‚
966 1373 1117 1412 truncis
1146 1372 1279 1422 adfixa
1310 1373 1477 1423 tropaeis

529 1426 652 1466 lorica
681 1430 715 1466 et
740 1427 870 1476 fracta
898 1428 943 1467 de
970 1428 1114 1468 casside
1142 1427 1299 1467 buccula
1327 1428 1498 1477 pendens

528 1484 564 1520 et
590 1483 745 1520 eurtum
774 1485 920 1521 temone
948 1483 1082 1533 iuyum
1112 1482 1302 1530 victaeque
1330 1482 1499 1520 triremis

530 1534 703 1584 aplustre
732 1538 766 1574 et
792 1548 943 1574 summo
972 1536 1095 1574 tristis
1122 1536 1296 1585 captivus
1323 1536 1370 1575 in
1399 1547 1497 1575 arcu

529 1589 718 1629 humanis
746 1590 901 1629 maiora
930 1590 1041 1629 bonis
1070 1590 1294 1630 creduntur.

211 1664 417 1702 Juvenum
446 1663 685 1703 discrimina
714 1666 886 1704 breviter
914 1666 1124 1704 adumbrat
1158 1667 1215 1704 10.
1237 1676 1315 1708 196:
1371 1664 1575 1715 pulchrior
1604 1664 1668 1703 ille

479 1719 546 1759 hoc
575 1723 689 1771 atque
716 1719 782 1760 ille
809 1720 901 1770 alio,
932 1720 1098 1760 multum
1129 1720 1189 1759 hie
1216 1720 1410 1760 robustior
1438 1719 1517 1759 illo.

213 1797 360 1834 Senum
405 1796 658 1847 fragilitatem
702 1797 871 1835 illustrat
911 1796 1022 1835 varia
1062 1796 1236 1847 corporis
1276 1796 1497 1848 mentisque
1548 1796 1650 1834 mala
1694 1808 1781 1847 per-

211 1851 382 1889 lustrans
442 1852 663 1900 198—218,
718 1853 918 1890 227—45.
1016 1850 1264 1889 Clarissimus
1318 1855 1455 1901 gentes
1502 1851 1540 1888 in
1590 1851 1781 1901 principio

212 1910 369 1943 saturae
410 1911 574 1943 octavae
614 1909 832 1954 enumerat,
870 1910 912 1943 ut
947 1905 1125 1942 hortetur
1160 1905 1357 1955 aequales,
1399 1918 1447 1942 ne
1488 1905 1701 1943 memoriae
1736 1917 1780 1942 ac

213 1959 404 1997 nobilitati
441 1960 635 1998 maiorum
671 1960 911 2010 ignominiae
946 1960 1033 1997 sint.
1103 1958 1356 1998 Nobilitatem
1397 1958 1592 2011 probitate
1628 1971 1781 1997 morum

212 2015 359 2051 servari
391 2014 450 2051 his
479 2015 609 2053 verbis
639 2015 748 2052 iubet
776 2015 813 2052 8.
831 2025 890 2055 21:

458 2089 610 2129 Rullus
638 2089 694 2128 vel
724 2088 861 2129 Cossus
888 2088 945 2128 vel
973 2089 1134 2129 Drusus
1162 2089 1334 2129 moribus
1360 2091 1437 2129 esto
1470 2093 1542 2129 etc.

214 2167 289 2203 l'ro
320 2167 440 2204 armis
473 2167 568 2204 dicit
603 2169 754 2205 scutum
785 2165 1036 2216 ‘aladiumque
1057 2196 1064 2204 .
1084 2196 1118 2204 ..
1149 2169 1185 2204 et
1212 2165 1381 2204 iaculum
1410 2168 1445 2204 et
1470 2165 1619 2217 qaleam
1650 2167 1686 2204 8.
1708 2177 1779 2214 123,

213 2234 282 2271 pro
312 2221 494 2259 omnibus
524 2221 670 2259 divitiis

724 2275 863 2324 hortos,
888 2275 1106 2324 praetoria,
1136 2288 1299 2321 mensas,

347 2332 551 2380 argentum
583 2331 686 2368 vetus
714 2332 747 2368 et
775 2332 938 2368 stantem
967 2332 1077 2368 extra
1101 2329 1286 2380 poculum
1314 2341 1490 2379 caprum.
1552 2332 1584 2368 1.
1603 2341 1655 2372 75.

214 2405 489 2456 Philosophiae
532 2407 618 2444 loco
661 2406 723 2444 vel
754 2406 1026 2444 universorum
1071 2406 1393 2457 philosophorum
1437 2407 1613 2445 nominat
1656 2405 1780 2457 Chry-

212 2461 381 2512 sippum,
403 2459 621 2506 Thaletem,
645 2460 844 2499 Socratem
866 2462 927 2500 13.
951 2471 1020 2502 184.
1073 2460 1327 2499 [effeminatos
1353 2458 1545 2509 homines,
1572 2461 1637 2512 qui
1664 2461 1779 2499 muli-

551 2603 562 2618 ς
586 2603 592 2611 .

340 2601 375 2683 ἐξ
400 2599 548 2677 31618)Ξὶ
551 2604 684 2676 dlonst
714 2647 759 2677 1·).
772 2649 805 2674 2;
831 2644 924 2686 Quod
945 2645 998 2676 ille
1025 2644 1186 2686 <pue1i>
1207 2645 1299 2678 inter
1327 2646 1412 2695 ipsos
1433 2645 1643 2686 mamistram
1661 2647 1781 2686 qemmt

209 2690 240 2718 et
258 2690 468 2737 praeteaetam
489 2687 655 2728 fascesque
676 2697 713 2719 ac
744 2688 891 2720 tribunal
912 2688 1102 2725 imitantur,
1129 2689 1163 2720 ln·
1184 2688 1292 2720 eadem
1323 2688 1359 2720 7’77
1386 2699 1501 2729 canipa
1527 2689 1661 2730 foroque
1689 2690 1723 2721 et
1743 2688 1779 2720 in

207 2731 301 2763 meria
325 2731 409 2763 serio
432 2730 559 2763 ludunt.
605 2729 710 2766 (Plut.
736 2740 852 2772 praec.
878 2731 963 2773 reip.
990 2740 1062 2772 ger.
1088 2732 1139 2765 )Ο.
1155 2733 1203 2772 1.)
