1980 3097
819 120 961 163 -·—.81
1009 141 1059 146 —

158 252 351 295 adulteria
392 249 503 287 Jovis
542 248 711 287 ludibrio
754 250 950 289 habuisse.
994 250 1043 288 fr.
1074 250 1167 289 119:
1198 248 1308 296 Quid
1342 261 1433 298 erqo
1468 250 1538 297 est,
1575 246 1722 296 inquit,

159 318 282 358 quare
318 301 429 352 apud
463 303 605 350 poetas
638 301 913 342 salacissimus
947 301 1143 352 Juppiter
1178 302 1343 341 desierit
1378 302 1521 341 liberos
1556 300 1726 341 tollere?

157 362 303 402 Utrum
331 353 626 404 sexayenarius
653 354 788 404 factus
817 359 875 395 est
903 359 941 395 et
968 355 1034 395 illi
1065 356 1132 395 lex
1150 356 1289 408 Papia
1307 357 1474 405 fibulam
1501 355 1724 407 imposuit?

159 417 227 455 Au
269 407 501 462 impetravit
543 407 609 448 ius
652 409 776 450 trium
820 409 1063 450 liberorum?
1107 411 1174 449 An
1219 411 1379 451 taudem
1421 410 1486 450 illi
1528 409 1636 449 veuit
1676 410 1722 448 in

157 470 343 508 mentem:
377 462 424 501 ab
455 461 534 501 alio
564 466 779 513 exspectes,
811 464 930 502 alteri
958 465 1063 512 quod
1092 464 1249 514 fece-ris,
1262 467 1292 514 1)
1327 468 1365 503 et
1393 465 1514 514 timet,
1551 478 1600 503 ne
1629 464 1722 513 quis

157 521 234 562 sibi
260 517 400 569 faciat,
431 517 536 565 quod
564 515 650 565 ipse
679 516 887 556 Saturno?

296 573 448 613 Eodem
477 572 594 610 modo
624 572 831 612 Juvenalis
859 572 996 611 Martis
1026 572 1271 625 Venerisque
1308 579 1444 626 stupra
1476 575 1555 626 legi
1588 574 1721 613 Juliae

157 633 205 671 de
233 627 437 669 adulteriis
466 626 629 677 opponit
659 628 694 664 2.
712 637 755 669 30
781 650 784 653 -

428 732 437 740 .
470 732 477 740 .
510 731 518 738 .
552 731 559 738 .
590 699 660 749 qui
695 703 791 739 tuuc
827 700 930 751 leyes
964 700 1173 739 revocabat
1202 714 1364 740 amaras

430 753 613 794 omnibus
643 757 760 804 atque
781 754 883 806 ipsis
901 753 1045 793 Veneri
1064 754 1272 804 Martique
1293 755 1503 794 timendas.

156 833 424 873 Institutiones
444 835 578 870 autem
593 837 633 870 et
651 832 954 870 eonsuetudines
970 831 1164 870 humanas
1179 831 1379 870 Lucianus
1395 845 1550 883 quoque
1569 833 1610 871 in
1629 833 1722 871 deos

156 901 234 928 non
255 887 377 926 semel
397 886 593 925 transfert.
603 885 636 934 2)
667 907 716 912 —
749 885 859 929 Quae
875 886 1074 925 Homerus
1094 886 1144 925 de
1157 886 1283 925 Marte
1298 885 1532 937 Venereque
1551 887 1593 925 in
1613 887 1722 925 adul-

156 943 252 982 terio
273 941 469 993 oppressis
498 944 741 989 narraverat,
763 941 861 979 adeo
890 941 931 979 in
950 941 1096 992 populo
1125 944 1239 979 erant
1266 941 1440 992 vulgata,
1467 944 1511 979 ut
1538 940 1624 979 fieri
1643 954 1723 979 non

156 1001 297 1050 posset,
329 996 422 1048 quin
452 1000 609 1047 praeter
638 995 810 1047 reliquos
838 995 1093 1048 philosophos
1127 994 1267 1048 Cynici
1295 1008 1452 1047 quoque
1479 996 1578 1034 haec
1607 1009 1725 1034 oecu-

151 1056 304 1103 parent,
342 1051 391 1089 ef.
434 1050 529 1089 Luc.
574 1051 680 1089 deor.
722 1049 813 1089 dial.
847 1052 894 1089 17
932 1081 940 1088 .
974 1080 982 1088 .
1015 1082 1023 1089 .
1054 1050 1284 1101 γελοιότατα
1320 1080 1327 1088 .
1362 1081 1370 1088 .
1402 1081 1410 1089 .
1442 1051 1543 1088 εἶδον
1574 1078 1584 1088 .
1616 1080 1623 1085 .
1657 1080 1666 1088 .
1694 1051 1720 1101 ἡ

155 1105 366 1157 Ἀφροδίτη
410 1104 577 1151 ξυνοῦσα
614 1111 667 1156 τῷ
710 1103 824 1156 Ἀρει
866 1104 1128 1156 κατείληπται
1169 1106 1237 1143 καὶ
1272 1105 1292 1143 ὁ
1328 1103 1544 1156 “Ηφαιστος
1579 1104 1723 1155 ἔδησεν

156 1161 293 1207 αὐτοὺς
324 1158 570 1211 ξυλλαβώνῑό)
601 1189 608 1197 .
643 1189 650 1197 .
683 1190 690 1197 .
722 1159 770 1198 cf.
801 1159 892 1198 Juv.
919 1160 979 1199 10.
996 1168 1079 1202 313:

801 1247 872 1274 nec
901 1234 978 1274 erit
1006 1234 1167 1284 felicior
1198 1238 1305 1274 astro

365 1288 516 1327 Martis
544 1292 590 1327 ut
619 1288 664 1328 iu
694 1290 853 1339 laqueos
883 1302 1107 1338 numquam
1136 1289 1346 1339 incidat.4)

154 1366 408 1406 Imbecillitas
438 1367 523 1406 eius
551 1367 700 1406 luditur
732 1369 792 1406 14.
809 1378 873 1410 260

366 1453 417 1479 ex
447 1454 522 1490 quo
551 1441 669 1479 Mars
698 1441 806 1480 ultor
833 1441 992 1492 yaleam
1020 1453 1174 1490 quoque
1201 1440 1380 1492 perdidit
1408 1443 1446 1480 et
1474 1454 1538 1480 res

366 1508 446 1535 non
471 1495 607 1545 potuit
635 1508 794 1535 servare
823 1508 931 1535 suas.

283 1573 505 1624 Sacrilegos
534 1586 557 1611 a
586 1573 645 1611 dis
675 1586 753 1612 non
782 1586 937 1625 semper
965 1573 1098 1624 puniri
1129 1574 1285 1624 saepius
1303 1573 1528 1624 philosophi
1548 1573 1722 1612 disseru-

153 1627 322 1675 erunt.⁵)
371 1627 420 1665 ef.
453 1627 543 1666 Sen.
575 1633 654 1666 nat.
694 1632 843 1679 quaest.
874 1627 927 1666 11.
958 1629 1076 1669 421:
1117 1625 1228 1674 Quid
1263 1629 1346 1665 tam
1380 1626 1616 1676 imperitum
1650 1629 1720 1676 est,

152 1693 272 1729 quam
306 1682 466 1718 credere
494 1680 672 1729 fulmina
700 1693 719 1718 e
749 1680 924 1719 nubibus
943 1680 1083 1720 Jovem
1112 1680 1268 1720 mittere
1291 1711 1298 1718 .
1324 1712 1330 1718 .
1355 1711 1363 1719 .
1386 1712 1394 1730 ‚
1426 1680 1489 1719 uti
1508 1680 1722 1731 impunitis

151 1734 363 1785 sacrileyis
395 1763 402 1771 .
436 1766 443 1772 .
477 1766 483 1772 .
510 1734 687 1784 pecudes
716 1733 909 1774 innoxias
937 1733 1075 1784 feriat.

282 1790 473 1830 Convivia
509 1791 735 1830 caelestium
778 1791 860 1839 (13.
877 1792 937 1839 42)
982 1804 1267 1842 saepenumero
1311 1804 1389 1830 non
1424 1792 1541 1831 modo
1581 1791 1721 1830 comici

152 1850 290 1896 poetae
311 1846 378 1884 sed
401 1845 518 1884 etiam
539 1844 675 1897 Cynici
695 1846 835 1884 rident.
885 1845 935 1884 ef.
956 1845 1053 1884 Luc.
1076 1845 1113 1884 d.
1135 1859 1233 1884 sacr.
1257 1847 1280 1883 2
1301 1847 1388 1892 τοὺς
1408 1844 1442 1884 δ’
1456 1848 1505 1884 αὖ
1523 1844 1721 1891 Αἰθίοπας

152 1901 220 1938 καὶ
258 1900 474 1952 μακαρίους
511 1901 579 1938 καὶ
613 1900 935 1952 τρισευδαίμονας
970 1901 1070 1938 εἴποι
1104 1913 1159 1946 τις
1195 1902 1254 1946 ἄν,
1291 1902 1370 1951 εἴγε
1406 1900 1720 1952 ἀπομνημονεύει

151 1955 221 2005 τὴν
240 1955 357 2007 χάριν
380 1956 506 2000 αὐτοῖς
526 1955 546 1993 ὁ
566 1954 672 2001 Ζεύς,
694 1955 743 2004 ἣν
763 1956 858 2005 πρὸς
879 1956 995 1992 αὐτὸν
1017 1954 1263 2001 ἐπεδείξαντο
1284 1954 1442 1992 δώδεκα
1458 1954 1547 2004 ἑξῆς
1565 1954 1718 2005 ἡμέρας

152 2008 413 2056 ἑστιάσαντες,
446 2010 514 2047 καὶ
542 2015 665 2047 ταῦτα
695 2008 935 2060 ἐπαγόμενον
966 2009 1034 2046 καὶ
1062 2010 1150 2054 τοὺς
1176 2008 1318 2054 ἀλλους
1346 2008 1472 2054 θεούς.
1504 2030 1554 2034 -
1586 2021 1670 2059 cap.
1693 2009 1717 2046 9

150 2063 199 2113 ἢν
242 2064 285 2101 δὲ
319 2063 504 2102 οἰκόσιτοι
533 2064 618 2110 ὦσι,
655 2063 798 2113 νέκταρ
842 2063 910 2100 καὶ
951 2062 1146 2114 ἀμβροσία
1180 2064 1223 2100 τὸ
1260 2060 1470 2110 δεῖπνον.“)
1512 2085 1562 2089 -
1604 2062 1718 2101 Idem

149 2117 348 2156 Junonem
377 2117 468 2156 Jovi
497 2118 799 2169 exprobrantem
827 2116 922 2156 facit
954 2117 995 2155 in
1030 2117 1166 2168 quinto
1201 2116 1364 2155 deorum
1405 2116 1576 2168 dialogo,
1611 2116 1717 2169 quod

151 2169 421 2223 Ganymedem
450 2173 490 2210 in
519 2172 671 2210 caelum
700 2172 897 2210 extulerit:
928 2184 960 2209 e.
987 2173 1030 2209 2:
1074 2170 1129 2208 Τὸ
1167 2171 1210 2208 δὲ
1246 2169 1389 2209 Ἰδαῖον
1422 2172 1527 2209 τουτὶ
1562 2171 1717 2209 παιδίον

151 2226 335 2277 ἁρπάσας
365 2226 547 2277 ἀνέπτης,
577 2227 607 2264 ὡ
636 2226 884 2277 γενναιότατε
904 2225 1023 2272 θεῶν,
1048 2225 1117 2263 καὶ
1142 2230 1314 2263 συνοικεῖ
1339 2225 1432 2276 ἡμῖν
1454 2225 1516 2265 ἐπὶ
1535 2224 1717 2277 κεφαλήν

152 2293 213 2331 μοι
248 2281 440 2332 ἐπαχθέν,
478 2282 675 2332 οἰνοχοοῦν
709 2281 759 2331 δὴ
794 2286 847 2332 τῷ
877 2280 992 2331 λόγῳ.
1051 2280 1273 2318 Juventatis
1308 2284 1440 2318 autem
1475 2284 1515 2318 et
1548 2280 1719 2319 Vulcani
1774 2293 1778 2295 “

150 2335 322 2374 muneris
357 2335 495 2374 eodem
523 2335 609 2374 loco
639 2335 879 2374 mentionem
907 2335 1013 2373 facit.
1071 2332 1203 2380 Οὕτως
1231 2333 1392 2384 ἠπόρεις
1421 2334 1619 2386 οἰνοχόων,
1649 2335 1720 2373 καὶ

151 2389 473 2442 ἀπηγορεύκασιν
504 2391 582 2441 ἄρα
607 2389 633 2440 ἦ
659 2402 701 2428 τε
719 2385 824 2442 Ἥβη
852 2389 960 2428 καὶὸ
984 2386 1199 2440 Ἥφαιστος
1224 2388 1536 2441 διακονούμενοι;
1557 2389 1607 2428 cf.
1638 2402 1670 2428 c.
1692 2390 1718 2428 4

150 2445 233 2491 οὔκ,
266 2444 369 2483 ἀλλὰ
398 2446 463 2483 τὸν
482 2442 699 2495 Ἥφαιστον
729 2444 809 2482 ἔδει
836 2446 901 2483 τὸν
932 2445 1000 2482 σὸν
1029 2443 1109 2482 υἱὸν
1142 2443 1326 2495 οἰνοχοεῖν
1355 2443 1448 2495 ἡμῖν
1477 2444 1717 2496 χωλεύοντα,

281 2573 312 2614 1)
336 2573 379 2607 cf.
398 2573 479 2607 Luc.
495 2572 578 2607 dial.
595 2572 691 2608 deor.
708 2574 738 2606 6.
751 2576 776 2606 3.
823 2573 858 2614 2)
874 2572 969 2608 deor.
987 2582 1084 2614 eone.
1114 2574 1142 2608 1.
1161 2574 1211 2607 14.
1231 2574 1280 2606 19.
1296 2571 1378 2616 Jup.
1395 2573 1438 2607 tr.
1456 2574 1475 2607 6
1493 2582 1543 2617 sq.
1561 2572 1650 2608 Men.
1664 2574 1717 2608 20.

281 2619 316 2658 3)
341 2618 384 2652 cf.
409 2617 547 2660 Philop.
572 2620 608 2659 63
631 2617 714 2660 gau.
738 2619 774 2657 3;
799 2616 897 2658 (Min.
921 2617 991 2652 Fel.
1016 2619 1070 2651 23.
1082 2618 1120 2659 7).
1212 2617 1247 2658 4)
1273 2617 1316 2651 cf.
1343 2619 1393 2651 16.
1406 2622 1432 2649 5.

279 2661 314 2701 5)
340 2661 411 2695 Cic.
436 2663 508 2695 nat.
532 2661 565 2695 d.
591 2661 653 2695 III.
677 2662 719 2694 83
736 2671 752 2694 s
780 2687 788 2694 .
810 2660 888 2695 Sen.
913 2671 967 2704 ep.
991 2664 1043 2695 87.
1057 2666 1102 2694 23.

279 2705 313 2745 6)
338 2704 381 2738 cf.
406 2704 489 2748 Jup.
512 2706 555 2739 tr.
582 2706 638 2747 133
662 2704 745 2746 gall.
755 2671 793 2737 (ἒ
