1980 3097
869 97 1115 137 -5g,-

202 227 401 279 ἀνδρικὸν,
434 227 538 266 ἀλλὰ
562 230 605 266 τὸ
625 233 751 279 πρᾷον
772 228 842 266 καὶ
861 228 1021 281 ἥμερον,
1033 226 1062 278 ¹)
1094 229 1228 281 ὥσπερ
1257 229 1626 282 ἀνθρωπικώτερον,
1661 231 1787 276 οὕτως
1850 244 1853 245 ’

201 283 271 321 καὶ
302 282 613 334 ἀρρενικώτερον
645 314 651 321 .
686 314 692 321 .
726 314 733 321 .
768 283 903 334 ὥσπερ
934 297 976 322 τε
1004 284 1031 335 ἡ
1061 283 1166 334 λύπη
1204 284 1456 331 ἀσθενοῦς,
1497 287 1618 331 οὕτως
1651 285 1720 322 καὶ
1753 284 1779 335 ἡ

202 336 377 388 ὀργήῧὶ)
412 358 462 363 -
497 336 650 375 Muson.
685 350 748 389 ap.
786 337 895 376 Stob.
933 338 1077 387 19.16;
1120 351 1158 389 p.
1194 338 1285 377 535.
1314 348 1350 380 15
1376 337 1430 377 Η.
1466 338 1708 391 μικρόψυχον
1736 340 1782 377 τὸ

204 392 443 442 ἀγανακτεῖν
477 391 503 441 ἢ
541 391 808 430 ἐπιτείνεσθαι
836 392 927 442 περὶ
946 397 1023 431 τῶν
1049 393 1231 431 τοιούτων
1259 413 1266 419 ·
1294 392 1431 443 πρᾴως
1459 392 1503 430 δὲ
1522 393 1592 430 καὶ
1621 393 1787 444 ἡσύχως

202 446 301 484 οἴσει
340 447 383 484 τὸ
419 445 572 497 συμβὰν
607 459 644 483 κ.
681 458 713 484 τ.
751 444 785 483 λ.
845 444 1034 497 Sequitur
1074 447 1162 485 laus
1197 445 1387 485 Socratis!
1418 466 1471 475 —
1500 445 1603 485 Plut.
1639 447 1688 486 de
1722 447 1783 485 ira

203 500 289 592 eph.
334 501 421 592 (ἔξ
466 499 532 538 Διὸ
574 501 643 538 καὶ
677 506 900 551 γυναῖκες
944 501 1127 552 ἀνδρῶν
1170 499 1535 552 ὀργιλώτεραι.3)
1593 500 1641 540 cf.
1678 501 1780 540 Seu.

204 567 316 593 cem.
362 584 369 592 .
419 565 475 596 .5.

334 618 417 658 Nec
451 632 546 659 vero
590 619 640 659 ad
681 619 855 660 Stoicam
900 625 1049 661 sectam
1092 634 1139 661 ea
1172 621 1297 660 verba
1339 620 1552 661 convenire
1585 620 1784 669 videntur,

205 687 307 725 quae
335 675 524 725 leguntur
557 675 616 713 15.
639 686 696 718 131
721 689 777 727 sq.

861 749 1111 790 Mollissima
1140 750 1262 790 corda

468 804 645 845 humano
673 805 812 856 yeneri
841 806 940 845 dare
968 818 1010 845 se
1039 809 1193 845 natura
1219 804 1388 855 fatetur,

469 871 571 908 qaae
603 859 833 898 lacrimas
861 859 993 908 dedit;
1029 859 1125 899 haec
1154 859 1283 899 nostri
1306 866 1421 909 pars·
1445 857 1597 909 optima
1624 871 1783 898 sensas.

472 943 1370 955 ··············

469 967 656 1007 Naturae
685 968 855 1018 imperio
883 968 1082 1019 yemimus
1114 1001 1122 1009 .
1155 1001 1163 1009 .

340 1047 415 1084 142
476 1076 483 1083 .
517 1076 524 1083 .
558 1076 566 1083 .
597 1043 771 1095 Separat
800 1044 871 1085 hoc
900 1057 972 1085 nos

470 1113 495 1138 a
522 1112 639 1150 yreqe
668 1103 876 1139 mutorum
905 1106 978 1140 etc.

339 1175 461 1214 Stoici
508 1177 614 1215 enim
660 1189 798 1216 omnes
845 1177 1011 1216 affectus
1059 1177 1321 1229 exstirpantes
1365 1177 1498 1217 dolere
1546 1188 1703 1228 quoque
1746 1179 1788 1214 et

206 1231 386 1269 misereri
414 1231 582 1282 sapienti
611 1244 691 1270 non
718 1232 838 1271 licere
867 1233 1093 1271 censebant.
1138 1232 1187 1271 cf.
1219 1231 1300 1271 Cic.
1331 1231 1447 1271 Tusc.
1469 1232 1505 1270 3.
1523 1242 1584 1278 203
1614 1231 1705 1269 Sen.
1735 1231 1786 1269 de

206 1285 320 1323 clem.
342 1284 393 1323 II.
408 1295 428 1327 5
449 1285 550 1337 sq.4)
593 1286 647 1324 At
664 1286 916 1338 popularium
936 1286 1260 1339 philosophorum
1280 1289 1340 1325 est
1358 1289 1554 1325 sectarum
1573 1288 1788 1338 praecepta

207 1340 338 1379 minus
382 1344 566 1379 accurate
609 1341 721 1392 sequi
763 1345 803 1380 et
844 1341 1057 1381 duritatem
1092 1355 1230 1381 eorum
1272 1341 1438 1381 mollire.
1448 1340 1483 1390 ⁵)
1512 1360 1566 1369 —
1595 1340 1784 1380 Severum

205 1395 314 1433 illam
350 1395 584 1444 doctrinam,
622 1408 742 1447 quam
778 1395 1023 1448 Chrysippus
1062 1397 1260 1436 statuebat
1299 1396 1349 1435 de
1389 1396 1525 1435 dolore
1565 1394 1786 1443 tolerando,

208 1448 475 1497 CarneadesG)
519 1451 811 1501 reprehendere
856 1451 1019 1497 solebat,
1068 1455 1113 1489 ut
1154 1451 1210 1490 ait
1243 1449 1383 1489 Cicero
1418 1450 1535 1489 Tusc.
1563 1451 1598 1489 3.
1621 1460 1676 1492 59.
1733 1448 1785 1487 Ε1

208 1502 348 1542 Cicero
391 1504 477 1554 ipse
511 1516 669 1554 quoque
712 1504 859 1543 fatetur
894 1504 939 1543 T.
968 1505 1004 1543 3.
1028 1515 1069 1547 63
1112 1517 1184 1543 nos
1224 1505 1386 1543 insitum
1428 1504 1525 1542 illud
1558 1503 1600 1542 in
1642 1503 1787 1542 animis

208 1557 368 1606 habere,
419 1558 547 1597 omnis
587 1557 712 1597 bonos
753 1558 914 1598 interitu
962 1572 1122 1598 suorum
1166 1571 1285 1610 quam
1328 1558 1561 1610 gravissime
1607 1570 1785 1596 maerere

209 1616 404 1663 oportere.
464 1612 513 1650 cf.
550 1612 640 1650 Juv.
667 1613 810 1656 15.138
835 1626 891 1664 sq.
922 1635 975 1640 —
1004 1613 1136 1651 Etiam
1171 1613 1324 1651 Seneca
1358 1613 1445 1651 aliis
1477 1610 1616 1661 locis7)
1650 1612 1788 1650 mitius

208 1667 337 1705 sentit.
398 1665 448 1704 cf.
480 1679 540 1717 ep.
564 1667 627 1705 99.
648 1677 687 1708 18
718 1665 909 1704 lacrimas
938 1664 1146 1704 naturalis
1173 1664 1391 1704 necessitas
1420 1663 1617 1715 exprimit
1633 1695 1641 1702 .
1660 1695 1668 1702 .
1688 1695 1696 1702 .
1718 1666 1784 1703 20.

208 1718 337 1768 Saepe
380 1718 495 1757 salva
529 1718 728 1769 sapientis
772 1718 1012 1759 auctoritate
1050 1719 1282 1769 fluxerunt
1307 1721 1419 1759 tanto
1458 1721 1786 1769 temperamento,

210 1776 255 1811 at
273 1773 358 1811 illis
378 1785 450 1811 nec
470 1772 748 1812 humanitas
776 1786 848 1812 nec
868 1773 1049 1824 diynitas
1074 1774 1227 1813 deesset
1256 1775 1323 1822 (cf.
1351 1772 1482 1826 [Luc]
1502 1775 1673 1813 Demon.
1703 1775 1785 1820 10).

210 1829 393 1868 Socrates
423 1841 581 1880 quoque
610 1828 787 1868 dolorem
817 1830 1024 1869 admisisse
1052 1829 1180 1869 fertur
1208 1829 1335 1878 (Stob.
1358 1830 1423 1869 99.
1439 1828 1512 1879 35).
1523 1827 1558 1879 8)

344 1990 375 2030 1)
399 1989 444 2022 cf.
471 1992 592 2022 13.1s4,
727 1991 761 2031 2)
786 1990 829 2024 cf.
854 1990 898 2023 Μ.
925 1991 1008 2024 Aur.
1025 1992 1055 2024 7.
1067 1995 1109 2022 24.

340 2033 375 2070 3)
399 2033 442 2067 cf.
471 2033 515 2067 de
539 2034 595 2068 ed.
612 2043 710 2077 puer.
730 2037 779 2075 14,
799 2035 839 2068 10
854 2044 886 2076 p.
911 2033 976 2075 71³3,
999 2033 1045 2067 de
1068 2033 1158 2076 prof.
1181 2033 1219 2067 in
1243 2034 1324 2068 virt.
1343 2034 1393 2067 13.

340 2078 376 2116 4)
401 2076 445 2110 cf.
469 2077 551 2110 Juv.
572 2079 667 2111 13.11
684 2087 735 2120 sq.
868 2077 903 2118 5)
928 2077 972 2111 cf.
996 2076 1111 2110 Zeller
1133 2076 1192 2110 ΙΙΙ.
1215 2076 1246 2110 1³
1268 2088 1300 2120 p.
1318 2078 1392 2110 715.

340 2121 375 2160 6)
398 2120 578 2160 Quantum
595 2121 695 2154 Carn.
720 2120 767 2154 ad
783 2120 1011 2162 disciplinam
1035 2119 1190 2154 Stoicam
1207 2120 1373 2162 valuerit,
1396 2119 1586 2154 Schmekel
1607 2119 1787 2161 disputat:

211 2164 268 2197 die
291 2163 425 2197 Philos.
450 2163 515 2197 der
536 2175 582 2199 m.
607 2164 692 2199 Stoa
714 2164 761 2206 (p.
778 2165 868 2204 379).

342 2208 375 2247 7)
399 2216 452 2249 ep.
471 2208 523 2240 99.
542 2214 566 2243 1,
585 2213 625 2243 15,
640 2212 752 2246 18-203
776 2209 853 2241 63.1
878 2207 925 2241 ad
948 2207 1022 2240 Pol.
1042 2208 1091 2241 18.
1104 2212 1162 2243 5‚⁶.

342 2251 376 2290 8)
400 2249 459 2291 [cf.
489 2250 604 2284 Zeller
633 2250 691 2283 111.
713 2250 744 2284 1⁸
770 2260 804 2293 p.
828 2249 917 2292 267]
965 2250 1060 2283 Haec
1094 2252 1130 2284 et
1164 2251 1298 2285 similia
1332 2251 1410 2284 sine
1444 2249 1554 2283 dubio
1587 2249 1787 2282 adversarii

212 2293 410 2328 Stoicorum
441 2302 550 2337 saepe
572 2294 803 2338 proferebant
832 2294 891 2335 (cf.
916 2294 997 2329 Sen.
1026 2303 1079 2337 ep.
1102 2296 1154 2328 99.
1167 2295 1225 2336 25).
1270 2294 1363 2328 Nam
1385 2294 1520 2337 optimo
1547 2293 1626 2327 iure
1647 2292 1787 2326 luctum

211 2346 234 2370 a
262 2339 390 2370 natura
423 2337 584 2372 humana
613 2338 771 2372 alienum
806 2347 885 2372 esse
914 2347 1047 2379 negare
1082 2339 1255 2380 poterant.
1304 2338 1429 2379 Itaque
1461 2337 1605 2377 Seneca,
1640 2338 1681 2369 ut
1708 2336 1787 2377 ipse

213 2382 290 2414 erat
311 2380 467 2414 maxima
484 2381 721 2423 humanitate,
744 2381 904 2415 dolorem
920 2381 1147 2422 admittebat,
1173 2380 1293 2424 quoad
1316 2390 1388 2415 11011
1404 2379 1655 2414 ostentationis
1678 2388 1789 2413 causa

213 2424 445 2458 simularetur
468 2427 530 2459 aut
553 2425 674 2459 animo
697 2425 807 2459 nimis
829 2425 972 2459 infirmo
999 2433 1069 2459 non
1094 2425 1362 2468 temperaretur.
1388 2441 1427 2449 —
1452 2424 1606 2459 Senecae
1629 2423 1666 2457 et
1689 2422 1785 2457 Cice-

211 2468 310 2501 ronis
337 2468 457 2506 verba,
487 2478 578 2510 quae
606 2469 765 2510 laudavi,
798 2469 988 2502 Juvenalis
1018 2470 1093 2502 tam
1123 2468 1257 2502 similia
1284 2470 1379 2509 sunt,
1413 2470 1454 2501 ut
1482 2476 1564 2500 eum
1592 2466 1659 2500 hos
1687 2467 1787 2500 locos

211 2510 394 2544 recordari
428 2510 537 2544 liceat
567 2512 754 2554 suspicari.
800 2512 844 2545 cf.
875 2511 1048 2552 Ribbeck,
1082 2511 1153 2544 Der
1182 2512 1286 2545 echte
1319 2511 1394 2545 und
1423 2511 1488 2544 der
1519 2509 1675 2544 unechte
1703 2509 1787 2542 Juv.

211 2565 245 2598 p.
260 2556 312 2588 29.
350 2553 388 2587 R.
406 2556 502 2588 recte
519 2557 702 2598 comparat
717 2555 800 2589 Juv.
819 2556 877 2589 131
897 2565 948 2598 sq.
967 2556 1004 2589 et
1018 2554 1097 2589 Sen.
1115 2565 1169 2597 ep.
1185 2556 1237 2589 95.
1249 2560 1282 2585 51
1294 2566 1335 2590 sq·
1351 2555 1407 2596 (ir.
1426 2555 1452 2588 1.
1469 2554 1513 2595 5).
1537 2553 1611 2588 Νο0
1634 2552 1784 2587 dubium

212 2600 277 2640 est,
301 2598 388 2641 quin
414 2599 535 2632 noster
557 2599 602 2632 de
626 2608 667 2633 eo
691 2599 770 2633 loco
794 2599 1018 2641 cogitaverit.
1042 2598 1086 2632 cs.
1104 2598 1183 2632 Sen.
1200 2601 1312 2640 95.53;
1335 2598 1418 2632 Juv.
1434 2608 1467 2631 v.
1487 2600 1557 2631 142.
1592 2597 1788 2631 Pecuniam

213 2643 383 2675 amissam
400 2641 522 2675 dolere
537 2642 725 2687 Juvenalis
741 2644 883 2685 quoq‘ue
899 2644 999 2676 vetat
1015 2644 1081 2675 sat.
1101 2643 1149 2675 13.
1167 2641 1226 2682 (cf.
1244 2641 1340 2676 Stob.
1357 2641 1422 2676 ecl.
1441 2641 1469 2675 11
1485 2643 1525 2674 13
1540 2651 1573 2684 p.
1591 2641 1653 2674 120
1665 2649 1717 2682 sq.
1734 2639 1787 2672 W.

214 2686 334 2725 Ἀριστ.
358 2696 390 2717 κ.
405 2694 432 2716 τ.
447 2685 477 2718 λ.
516 2695 662 2725 περιπατ.
699 2689 857 2734 περῑητῶν
879 2686 1018 2726 ἠθικῶν.
1058 2685 1140 2719 Juv.
1161 2687 1268 2719 15.147
1287 2686 1379 2728 sqq.)
