1980 3097
884 152 1092 189 213—

188 282 214 331 ἢ
245 281 281 319 τί
309 281 486 332 διαφέρει
516 282 569 333 μὴ
600 283 701 333 ἔχειν
731 283 878 333 τροφὴν
907 283 933 333 ἢ
963 282 1149 331 τοιαύτην
1175 282 1291 332 ἔχειν,
1320 280 1368 329 ἧς
1397 280 1441 317 οὐ
1470 279 1523 329 μὴ
1552 278 1757 328 γεύσηται,

187 334 207 354 ¹⁸¹
234 334 253 353 *
281 333 301 353 *
330 335 444 388 ἰχθῦς
491 337 559 374 καὶ
607 336 832 388 περιστέρια
879 337 905 387 ἢ
946 335 1145 387 Αἰγυπτίῳ
1182 335 1283 373 κύνα
1322 334 1347 384 ἢ
1386 331 1553 383 Ἕλληνι
1595 332 1759 383 κρανίον

189 390 421 442 ἀνθρώπους
449 390 588 442 ὁμοίως
611 392 688 443 γὰρ
715 397 872 431 σπανιεῖ
887 396 1034 443 τροφῆς
1052 391 1121 428 καὶ
1142 391 1243 442 ἔχων
1264 389 1410 439 ταύτην
1431 388 1501 426 καὶ
1522 387 1575 438 μὴ
1597 387 1710 438 ἔχων.
1723 385 1757 435 ¹)

187 459 225 483 κ.
247 458 278 483 τ.
300 444 334 483 λ.
385 444 580 497 Theophr.
612 446 717 485 char.
739 446 790 484 30
820 445 885 497 Τῷ
907 445 1127 496 ,ἀκολούθῳ
1159 444 1300 496 μεῖζον
1319 443 1474 495 φορτίον
1504 441 1700 480 ἐπιθεῖναι
1728 442 1754 492 ἢ

188 499 513 552 δύναταιφέρειν
542 501 611 539 καὶ
639 500 829 553 ἐλάχιστα
859 499 1060 551 ἐπιτήδεια
1088 505 1165 538 τῶν
1200 499 1331 538 ἄλλων
1360 497 1548 549 παρέχειν
1581 528 1588 536 .
1621 509 1634 534 .·
1663 527 1671 534 .
1703 526 1712 535 .
1745 527 1754 535 .

186 553 387 606 Φειδωνίῳ
418 556 544 606 μέτρῳ
573 558 638 594 τὸν
659 556 842 593 πύνδακα
863 555 1188 605 ἐγκεκρουσμένῳ
1210 560 1362 605 μετρεῖν
1393 555 1508 598 αὐτὸς
1535 557 1614 597 τοῖς
1643 552 1757 589 ἔνδον

185 610 235 647 τὰ
265 608 465 660 ἐπιτήδεια
495 609 656 660 σφὸθρα
686 607 929 660 ἀποψῶν.2).
1233 638 1235 640 -

212 697 229 701 ..
315 663 438 702 Plura
480 664 653 702 eruimus
692 664 741 701 de
782 662 1113 701 illiberalitate
1150 676 1171 701 e
1221 666 1354 701 satura
1394 663 1531 713 quinta
1571 665 1610 699 et
1646 660 1753 711 apud

185 717 405 756 Lucianum
435 730 457 755 e
475 718 589 766 libro,
619 717 660 755 in
688 730 765 767 quo
786 717 916 767 agitur
943 717 993 754 de
1018 716 1198 754 mercede
1220 716 1431 755 conductis.
1492 715 1753 767 Summopere

183 772 265 811 illic
292 771 493 811 Iuvenalis
522 771 664 811 divites
691 771 881 823 increpat,
917 771 984 822 qui
1013 771 1300 810 delicatissimis
1330 771 1426 810 cibis
1460 775 1499 809 et
1525 771 1753 823 potionibus

183 826 260 877 ipsi
286 832 529 874 vescuntur,
545 826 752 864 clientibus
781 829 913 863 autem
941 826 1133 863 vilissima
1157 830 1392 875 proponunt.
1402 825 1430 874 3)
1480 825 1528 862 cf.
1551 827 1587 863 5.
1603 836 1644 867 24
1670 838 1758 876 sq,:.

390 900 531 950 Qualis
557 913 650 941 cena
679 900 831 941 tamen!
862 901 1006 940 Vinum
1034 900 1137 950 quod
1163 901 1298 939 sucida
1326 900 1426 940 nolit

389 955 487 995 lana
510 956 599 1006 pati
628 959 701 994 etc.

284 1011 337 1050 30
393 1010 482 1061 Ipse
507 1010 689 1061 capillato
716 1009 908 1061 diffusum
925 1008 1090 1052 ,consule
1112 1011 1235 1059 potat.

284 1067 336 1104 60
394 1095 402 1104 .
516 1094 527 1105 .
556 1095 565 1105 .
597 1065 715 1105 nescit
742 1068 795 1104 tot
821 1064 979 1118 milibus
1004 1066 1155 1113 emptus

387 1120 627 1171 pauperibus
654 1119 809 1159 miscere
831 1131 933 1170 puer
961 1147 1133 1159 .....

470 1205 478 1213 .
510 1203 519 1212 .
550 1203 560 1213 .
591 1174 751 1223 quando
778 1174 832 1213 ad
859 1176 894 1213 te
915 1174 1095 1223 pervenit
1122 1173 1188 1212 ille

383 1228 543 1279 quando
570 1231 729 1280 rogatus
756 1229 863 1268 adest
888 1227 1036 1268 calidae
1059 1227 1280 1279 yelidaeque
1309 1226 1514 1267 minister?

280 1285 332 1324 80
387 1284 538 1334 Aspice,
565 1296 684 1333 quam
713 1283 826 1335 lonyo
853 1283 1070 1334 distinquat
1091 1285 1238 1333 pectore
1267 1283 1427 1332 lancem,
1475 1321 1477 1323 .

384 1350 482 1388 quae
507 1338 638 1387 fertur
665 1338 824 1377 domino
850 1337 995 1387 squilla
1023 1341 1096 1377 etc.

277 1393 327 1431 85
383 1393 448 1432 sed
476 1392 547 1432 tibi
574 1392 739 1432 dimidio
766 1392 993 1433 constrictus
1018 1404 1242 1432 cammarus
1269 1405 1337 1431 ovo

378 1447 558 1496 ponitur,
586 1447 727 1498 exigua
753 1446 893 1496 feralis
919 1458 1014 1486 cena
1036 1446 1185 1496 patella
1214 1460 1294 1497 eqs.

253 1502 329 1539 114
385 1501 549 1541 Anseris
576 1504 668 1540 ante
695 1501 820 1550 ipsum
851 1500 998 1552 mayni‘
1015 1500 1131 1550 iecur,
1160 1500 1365 1540 anseribus
1388 1512 1470 1550 par

387 1554 523 1607 altilis,
550 1557 586 1595 et
612 1555 723 1605 ,flavi
749 1555 894 1607 diynus
919 1554 1028 1606 Ῑέννο
1056 1554 1264 1607 Μοῐεαςνὶ’

384 1613 542 1661 spumat
569 1623 666 1662 aper
694 1624 774 1662 eqs.

251 1666 327 1704 166
386 1694 558 1704 .....
588 1678 662 1705 ecce
690 1665 799 1705 dabit
824 1666 905 1705 iam

380 1732 563 1759 semesum
592 1720 756 1769 leporem
782 1722 895 1769 atque
922 1718 1076 1769 aliquid
1105 1720 1149 1759 de
1176 1720 1356 1760 clunibus
1383 1719 1494 1769 apri5

381 1774 433 1813 ad
461 1786 533 1813 nos
561 1774 641 1813 iam
670 1774 794 1814 veniet
819 1774 952 1814 minor
979 1773 1132 1814 altilis'.
1190 1773 1292 1813 Inde
1316 1776 1459 1824 parato

383 1829 601 1877 intactoque
629 1840 758 1868 omnes
785 1830 820 1867 et
844 1829 975 1868 stricto
996 1840 1105 1877 pane
1132 1828 1270 1867 tacetis.

307 1902 396 1942 No'n
426 1904 541 1942 aliter
565 1904 786 1955 philosophi
814 1904 1019 1943 domestici
1046 1904 1087 1942 in
1105 1903 1273 1942 Luciani
1298 1916 1478 1943 sermone
1506 1907 1744 1942 tractantur&

179 1969 297 1996 merc.
329 1958 441 1996 cond.
469 1971 501 1996 c.
524 1959 587 1996 26.
645 1957 725 1996 Καὶ
753 1960 874 2004 οὕτως
903 1959 941 2005 ἐς
968 1959 1040 2009 τὴν
1070 1958 1306 2009 ἀτιμοτάτην
1336 1957 1481 2009 γωνίαν
1515 1956 1742 2004 ἐξωσθεὶςῆ

177 2012 416 2051 κατάκεισαι
450 2012 595 2064 μάρτυς
630 2012 744 2064 μόνον
778 2017 855 2052 τῶν
888 2012 1236 2065 παραφερομένων,
1271 2014 1319 2051 τὰ
1354 2012 1452 2050 ὀστᾶ
1499 2011 1532 2050 εἰ
1573 2011 1745 2062 ἐφίκοιτο

179 2066 293 2117 μέχρι
313 2073 396 2113 σοῦ,
426 2067 615 2117 καθάπερ
646 2067 680 2104 οἱ
708 2067 822 2113 κύνες
849 2067 1094 2118 παριεσθίων
1121 2097 1254 2104 .....
1286 2065 1343 2104 Οὐ
1366 2066 1441 2118 μὴν
1470 2066 1561 2104 οὐδὲ
1589 2067 1615 2117 ἡ
1639 2066 1741 2116 ἄλλη

176 2119 321 2173 ὕβρις5)
353 2122 527 2169 ἄπεστιν,
564 2119 649 2159 ἀλλ’
681 2122 768 2160 οὔτε
797 2122 874 2173 ᾠὸν
918 2123 1018 2174 ἔχεις
1067 2119 1217 2173 μόνοςθ)
1250 2142 1300 2147 -
1331 2123 1374 2160 οὐ
1407 2122 1484 2172 γὰρ
1525 2120 1744 2172 ἀναγκαῖόν

177 2175 260 2213 ἐστι
284 2176 353 2213 καὶ
383 2177 428 2213 σὲ
447 2181 524 2214 τῶν
545 2177 671 2214 αὐτῶν
692 2176 753 2213 ἀεὶ
771 2182 849 2222 τοῖς
878 2175 996 2223 ξένοις
1023 2177 1092 2214 καὶ
1113 2176 1325 2226 ἀγνώστοις
1354 2175 1614 2213 ἀντιποιεῖθαι
1636 2206 1643 2213 .
1668 2206 1674 2212 .
1700 2206 1706 2212 .
1732 2206 1739 2213 .

176 2230 265 2267 οὔτε
294 2229 320 2280 ἡ
350 2230 453 2281 ὄρνις
481 2229 595 2281 ὁμοία
623 2235 706 2275 ταῖς
735 2228 926 2278 ἅλλαιςΊ),
959 2230 1061 2269 ἀλλὰ
1095 2234 1148 2281 τῷ
1185 2230 1253 2281 μὲν
1288 2229 1454 2280 πλησίον
1490 2235 1638 2281 παχεῖα
1673 2230 1744 2267 καὶ

175 2283 354 2334 πιμελής,
394 2285 454 2322 σοὶ
494 2284 536 2322 δὲ
575 2286 725 2330 νεοττὸς
762 2284 986 2336 ἡμίτομοςὸ)
1023 2285 1048 2335 ἢ
1087 2285 1214 2335 φάττα
1251 2297 1306 2330 τις
1335 2283 1600 2334 ὑπόσκληρος,
1635 2284 1743 2335 ὕβρις

178 2339 359 2388 ἄντικρυς
387 2339 456 2376 καί
486 2337 657 2389 ἀτιμίαὸ)
689 2369 822 2376 .....
854 2338 1088 2390 τεμνομένου
1114 2339 1182 2389 μὲν
1210 2339 1286 2389 γὰρ
1318 2338 1358 2376 ἐν
1385 2343 1438 2388 τῷ
1461 2338 1568 2389 μέσῳ
1597 2338 1623 2388 ἢ
1649 2340 1742 2383 συὸς

308 2444 340 2485 1)
372 2444 416 2477 cf.
445 2444 518 2477 Tel.
541 2445 592 2477 24.
611 2456 625 2478 9
654 2445 765 2482 Οὕτως
793 2445 873 2476 ἔνιοι
899 2446 1032 2476 πολλῶν
1061 2445 1268 2485 ὑπαρχόντων
1298 2446 1409 2482 αὐτοῖς
1440 2446 1480 2476 δι’
1509 2445 1742 2482 ἀνελευθερίαν

175 2488 309 2524 οὐδενὸς
332 2489 483 2527 γεύονται
506 2489 583 2518 οὐδὲ
600 2488 775 2518 ἅπτονται.
790 2489 880 2519 ἀλλὰ
905 2490 1007 2519 πλείω
1024 2490 1054 2519 οἱ
1076 2491 1135 2528 μῦς
1157 2488 1367 2519 κατεσθίουσι
1390 2490 1449 2519 καὶ
1472 2490 1504 2519 οἱ
1527 2487 1739 2529 μύρμηκες-ἢ

176 2531 278 2562 αὐτοι.
368 2531 402 2571 2)
426 2530 525 2564 Licet
541 2531 767 2565 characteres
778 2531 823 2565 ab
839 2531 918 2574 ipso
935 2531 1190 2574 Theophrasto,
1209 2530 1329 2565 Bionis
1344 2532 1585 2574 praeceptore,
1600 2531 1653 2564 ita
1668 2533 1738 2564 n'on

175 2573 250 2607 sint
273 2574 472 2616 compositi,
496 2576 537 2607 ut
559 2574 750 2608 memoriae
773 2575 907 2617 proditi
931 2577 1024 2614 sunt,
1048 2584 1108 2608 eos
1131 2575 1208 2608 eius
1231 2575 1491 2609 sententiarum
1513 2575 1638 2617 plenos
1662 2583 1740 2607 esse

175 2625 247 2650 non
271 2618 327 2650 est
351 2617 567 2659 negandum.

305 2659 340 2701 3)
364 2660 451 2695 Mus.
469 2662 549 2700 Περὶ
563 2663 689 2701 τροφῆς
705 2670 761 2704 ap.
778 2660 826 2696 St.
852 2662 902 2695 18.
912 2671 952 2704 37„
967 2672 1000 2704 p.
1017 2663 1133 2698 525.1e
1157 2687 1164 2694 .
1189 2686 1197 2694 .
1223 2688 1230 2695 .
1256 2662 1438 2702 ἁμαρτάνει
1463 2687 1468 2693 .
1488 2687 1494 2693 ,
1513 2687 1519 2692 .
1539 2661 1556 2693 ὁ
1574 2663 1616 2702 μὴ
1633 2662 1739 2700 νέμων

173 2706 216 2736 τὰ.
236 2705 292 2741 ἶσα
316 2708 384 2743 τοῖς
407 2706 634 2738 συνεσθίουσιν.
830 2705 865 2747 4)
890 2705 934 2739 cf.
953 2705 1029 2740 Iuv.
1045 2707 1125 2742 5.17.
1257 2707 1291 2748 5)
1315 2707 1411 2743 5.156.
1429 2724 1468 2747 sq.
1488 2716 1543 2741 120.

306 2748 340 2789 6)
364 2751 416 2782 84.
549 2748 584 2789 7)
611 2751 672 2782 114
688 2758 741 2791 sq.
899 2751 934 2790 8)
958 2749 1016 2789 (cf.
1033 2760 1066 2782 v.
1086 2749 1173 2790 167.)
