1980 3097
224 272 331 312 Sunt
377 272 448 323 qui
491 272 626 324 officia
673 273 775 313 lucis
814 273 1017 324 noctisque
1056 274 1323 326 perverterint
1358 287 1430 314 nec
1469 278 1561 315 ante
1598 274 1796 315 diducant

226 328 358 367 oculos
395 328 582 367 hesterna
620 341 762 379 yraves
799 329 981 381 crapula,
1023 341 1145 379 quam
1183 329 1368 381 adpetere
1408 342 1491 369 nox
1530 329 1657 383 coepit
1684 331 1795 379 etc.¹)

225 384 274 422 cf.
296 384 387 423 Juv.
408 397 446 423 v.
472 386 516 422 11

668 437 873 477 .dormire
903 438 1050 490 incipis
1080 441 1170 478 ortu
1195 440 1200 489 1
1227 438 1414 488 Luciferi

224 537 274 542 -
306 515 512 554 Aleatores
541 468 776 567 impugnant
801 515 953 555 Seneca
980 516 1069 555 ben.
1089 514 1180 554 VII.
1205 517 1266 555 16.
1275 526 1310 566 3;
1341 515 1391 554 ad
1410 515 1496 554 Pol.
1521 518 1581 555 17.
1595 531 1627 568 4,
1654 516 1795 557 Cicero

224 570 287 608 off.
313 571 438 612 1.150:
483 567 732 617 Minimeque
776 571 884 608 artes
926 582 994 608 eae
1031 569 1279 619 probandae,
1324 581 1425 618 quae
1449 552 1662 609 ministrae
1696 574 1794 610 sunt

222 622 506 673 voluptatum.
562 622 708 661 .Adde
729 622 818 668 huc,
848 622 885 661 si
903 624 1045 674 placet,
1074 622 1379 673 unquentarios,
1409 623 1621 663 saltatores
1650 627 1794 663 totum·

223 688 298 726 que
329 676 473 714 ludum
502 653 709 715 talariam.
768 674 907 730 [Plut.]
937 679 996 717 ed.
1018 691 1126 731 puer.
1151 679 1172 716 7
1205 678 1244 727 (5
1260 676 1360 729 B)‚2)
1389 677 1492 717 Xen.
1514 691 1631 718 mem.
1652 679 1673 718 I
1694 681 1770 720 257
1781 695 1794 728 ;

223 732 386 772 Lucian.
410 732 491 772 Sat.
514 734 557 781 83
588 731 681 780 (Dio
709 731 801 772 Chr.
825 732 888 773 70.
903 745 923 777 4
952 747 990 785 p.
1012 732 1156 782 239).3)

354 787 521 826 Falsarii
552 791 590 826 et
619 787 1019 840 circumscriptores4)
1049 788 1366 840 perstringuntur
1398 789 1492 826 142:

504 862 592 911 Quo
621 862 722 902 mihi
752 866 787 902 te
816 862 982 903 solitum
1009 863 1138 913 falsas
1166 863 1329 914 siynare
1359 863 1525 903 tabellas

507 917 551 955 in
581 917 741 967 templis
769 930 870 966 quae
898 917 996 967 fecit
1025 931 1123 957 avus
1154 923 1225 958 etc.

224 995 273 1033 cf.
309 998 341 1033 1
357 1006 410 1037 67.
469 994 696 1042 Fraudes,
727 996 871 1043 furta,
901 995 1153 1046 periuriafv)
1183 995 1290 1033 iniis
1311 994 1525 1034 sceleribus
1543 996 1790 1034 numeranda

222 1054 324 1097 sunt,
355 1062 457 1100 quae
486 1049 657 1087 maxime
686 1050 726 1087 in
756 1049 910 1100 scriptis
938 1049 1261 1101 philosophorum
1291 1049 1504 1088 moralibus
1534 1050 1787 1108 castigantur.

223 1104 272 1142 cf.
310 1103 400 1142 Sen.
438 1103 487 1141 de
521 1104 581 1142 iia
610 1103 660 1142 ΙΙ.
693 1106 728 1143 9.
741 1115 783 1146 4
819 1102 934 1141 Adde
972 1115 1082 1141 nunc
1114 1102 1281 1152 publica
1312 1101 1504 1152 periuria
1535 1105 1717 1152 yentium
1752 1106 1790 1142 et

223 1159 346 1206 rupta
373 1156 539 1205 foedera
570 1187 577 1194 .
610 1187 617 1194 .
651 1187 658 1194 .
692 1189 699 1196 .
732 1155 1137 1206 circumscriptiones,
1158 1158 1285 1207 furta,
1308 1156 1489 1206 fraudes,
1510 1155 1789 1207 infitiationes⁷

222 1210 367 1260 quibus
398 1210 509 1249 trina
537 1223 619 1250 non
647 1210 861 1260 sufficiunt
889 1210 992 1260 fora.
1005 1212 1035 1262 θ)
1084 1213 1132 1251 cf.
1162 1213 1253 1251 Juv.
1288 1213 1438 1255 13.135.

352 1266 648 1305 Nobilissimum
689 1280 885 1318 quemque
923 1268 1048 1305 socios
1085 1267 1233 1318 rapinis
1269 1266 1574 1318 repetundisque
1618 1268 1791 1306 maxime

222 1321 425 1359 vexavisse
464 1321 595 1359 multis
636 1322 766 1359 verbis
804 1325 1011 1360 enarratur
1038 1335 1100 1359 vv.
1132 1323 1181 1360 87
1210 1335 1267 1373 sq.
1329 1321 1589 1372 Philosophos
1633 1334 1791 1373 quoque

222 1376 275 1413 de
305 1376 535 1414 aviditate
555 1380 913 1426 procuratorum
935 1376 1077 1414 similia
1092 1376 1303 1426 protulisse
1322 1376 1530 1426 perpaucis
1554 1376 1790 1415 testimoniis

221 1430 417 1478 firmatur,
447 1430 550 1480 quod
581 1429 698 1467 facile
728 1430 926 1468 intellectu
956 1434 1027 1478 est,
1058 1430 1244 1480 quoniam
1274 1430 1346 1467 sub
1371 1430 1594 1480 principum
1622 1430 1790 1481 imperio

222 1485 447 1535 provinciae
477 1485 640 1534 aequius
670 1484 1044 1523 administrabantur
1064 1497 1183 1535 quam
1202 1484 1327 1522 libera
1354 1497 1397 1522 re
1424 1484 1591 1535 publica.
1649 1483 1789 1523 Cicero

221 1551 309 1577 eam
340 1551 423 1576 rem
452 1538 682 1576 brevissime
712 1539 869 1589 attingit
888 1552 971 1588 par.
994 1538 1046 1576 43
1068 1568 1075 1576 .
1100 1567 1108 1575 .
1132 1569 1139 1576 .
1161 1536 1237 1575 Sin
1260 1539 1430 1586 propter
1460 1535 1693 1575 aviditatem
1714 1568 1721 1575 .
1746 1568 1752 1575 .
1778 1568 1784 1575 .

222 1591 384 1629 »tullum
404 1593 618 1639 quaestum
638 1593 798 1640 turpem
821 1594 979 1640 putas.
1035 1590 1100 1630 ,si
1128 1590 1253 1629 socios
1272 1589 1517 1640 spolias..
1550 1592 1598 1630 cf.
1629 1605 1712 1643 par.
1734 1594 1785 1631 46

221 1647 284 1684 off.
317 1648 353 1684 2.
369 1652 426 1682 27
419 1645 469 1694 ,7)
500 1647 536 1684 3.
551 1652 604 1683 36.
612 1645 645 1695 ⁸)
694 1646 764 1697 Ep.
787 1646 860 1684 III.
889 1647 981 1685 3.12
1008 1646 1203 1696 ἐλήλυθεν
1230 1647 1283 1692 εἰς
1302 1646 1373 1696 τὴν
1400 1646 1594 1698 ἐπαρχίαν
1614 1646 1788 1697 κλέπτης

221 1701 458 1746 ἀνθύπατος.
507 1699 590 1739 Τίνι
619 1701 825 1752 νομίσματι
857 1707 1020 1759 χρῆται)
1057 1701 1105 1751 ἀρ
1108 1701 1239 1752 (υρίῳ.
1283 1701 1374 1739 Seu.
1405 1701 1493 1739 ben.
1523 1700 1553 1738 I.
1585 1701 1660 1743 94:
1689 1699 1788 1738 Jam

220 1756 341 1802 rapta
359 1765 562 1802 sparyere,
584 1766 731 1802 sparsa
752 1753 837 1791 acri
858 1753 1033 1791 avaritia
1058 1753 1284 1802 rccolliyere
1311 1755 1476 1791 certant.
1534 1752 1652 1791 Nihil
1665 1753 1788 1802 pensi

220 1806 363 1846 habere
387 1809 676 1856 paupertatem
706 1806 882 1845 alienam
911 1809 1159 1846 contemnere
1163 1807 1208 1857 ,9)
1238 1818 1357 1845 suam
1376 1806 1475 1857 plus
1504 1819 1625 1856 quam
1654 1806 1786 1845 ullum

221 1861 337 1900 aliud
378 1861 506 1899 vereri
546 1861 722 1909 malunt:
766 1874 910 1911 pacem
947 1861 1114 1900 iniuriis
1149 1861 1474 1910 perturbare¹⁰);
1508 1861 1786 1900 imbecilliores

222 1916 258 1953 vi
294 1927 340 1954 ac
374 1918 485 1953 metu
523 1916 793 1966 premere¹¹):
828 1928 923 1954 nam
947 1915 1182 1965 provincias
1209 1914 1381 1965 spoliari
1423 1918 1461 1953 et
1507 1914 1786 1954 nummarium

220 1969 403 2009 tribunal
452 1969 596 2008 audita
643 1969 845 2019 utrimque
889 1969 1108 2009 licitatione
1157 1968 1276 2008 alteri
1320 1969 1455 2008 addici
1499 1983 1577 2008 non
1619 1969 1783 2019 mirum,

219 2023 411 2072 quoniam
440 2037 541 2073 quae
572 2023 715 2062 emeris
743 2025 912 2063 vendere
941 2024 1122 2074 yentium
1147 2023 1213 2063 ius
1242 2027 1310 2063 est.
1324 2024 1369 2073 12)
1413 2025 1462 2063 cf.
1485 2025 1574 2063 Juv.
1598 2026 1728 2068 &1272

354 2125 383 2163 l)
410 2122 453 2156 cf.
486 2121 565 2155 Seu.
597 2131 650 2163 ep.
687 2123 791 2161 59.1s;
826 2124 928 2157 83.14.
953 2121 1054 2162 (Mus.
1084 2131 1137 2163 ep.
1166 2121 1212 2154 ad
1248 2121 1371 2155 Pancr.
1396 2123 1440 2162 4).
1573 2122 1607 2162 2)
1632 2121 1675 2155 cf.
1702 2121 1785 2155 Juv.

219 2168 284 2198 sat.
307 2169 442 2207 14.4sq.
569 2166 604 2203 3)
629 2165 839 2206 Clempaed.
871 2165 915 2197 111
938 2168 988 2198 75.
1014 2165 1206 2205 (Harnack,
1230 2165 1293 2197 der
1316 2165 1613 2207 pseudocyprian.
1641 2164 1784 2198 Tractat

220 2209 262 2241 dc
276 2209 380 2242 aleat.
400 2208 508 2248 1888.)
523 2226 562 2230 -
576 2208 683 2241 Arist.
701 2208 771 2241 eth.
789 2208 829 2241 N.
847 2207 902 2242 1V.
920 2210 1036 2241 11221·
1048 2220 1070 2243 7.
1095 2207 1163 2241 Sol.
1181 2217 1236 2250 ap.
1253 2207 1348 2242 Stob.
1366 2208 1430 2242 ecl.
1445 2208 1487 2242 11.
1500 2210 1596 2244 31-77.
1610 2218 1642 2250 p.
1656 2209 1719 2240 215
1732 2207 1786 2241 W.

346 2253 381 2291 4)
395 2252 439 2285 cf.
452 2261 532 2294 pag.
550 2254 599 2284 11.
679 2252 712 2290 5)
723 2253 807 2286 Juv.
826 2254 920 2285 13.23.
939 2254 969 2285 3.
979 2257 1019 2286 47,
1039 2257 1094 2286 181,
1108 2257 1154 2281 144
1167 2261 1218 2293 sq.
1233 2255 1279 2284 14.
1293 2256 1351 2285 218.
1369 2252 1488 2291 (Arist.
1501 2251 1623 2285 eth.N.
1638 2252 1782 2290 1131.²e)

349 2296 383 2335 6)
408 2295 452 2328 cf.
482 2294 575 2327 Plut.
605 2295 716 2327 animi
745 2304 789 2328 an
821 2304 915 2337 corp.
946 2295 1004 2328 aff.
1035 2295 1107 2327 sint
1136 2295 1274 2336 peiores
1299 2303 1375 2337 cap.
1395 2297 1417 2327 4
1440 2296 1487 2337 (p.
1505 2296 1563 2328 501
1582 2294 1623 2333 E)
1649 2311 1689 2316 —
1714 2294 1785 2327 Cic.

219 2338 276 2372 off,
301 2339 321 2372 3
336 2343 377 2373 73,
394 2343 435 2374 75,
454 2343 500 2367 103
519 2347 571 2380 sq.
595 2338 655 2370 fin.
679 2340 759 2370 246.
799 2338 888 2372 Lael.
913 2339 954 2371 89
983 2338 1050 2379 leg.
1086 2341 1154 2371 1.43
1176 2347 1252 2380 par.
1267 2339 1320 2371 43.
1345 2356 1384 2361 —
1403 2337 1480 2371 Sen.
1504 2338 1545 2370 ir.
1565 2337 1623 2371 III.
1648 2339 1705 2370 2.1
1728 2347 1782 2379 ep.

220 2384 323 2416 97.11.
347 2381 390 2414 M.
416 2383 499 2415 Aur.
522 2383 579 2416 9.1
605 2381 673 2422 (ed.
710 2381 808 2415 Stich
843 2392 875 2425 p.
905 2383 973 2416 113.
986 2382 1026 2422 2).
1072 2381 1176 2415 Philo
1211 2381 1255 2415 (18
1290 2391 1383 2424 spec.
1413 2382 1482 2422 leg.
1511 2381 1553 2415 ΙΙ.
1575 2383 1595 2414 2
1618 2381 1677 2421 (cf.
1701 2381 1781 2415 Juv.

223 2426 312 2458 13.78
329 2427 395 2508 8(7]))
429 2425 1786 2510 Ῐ1111118.18118,Ύ.98161,17(ἑ59;ἒ1ξ(131)..2.Ι).8()3111ὲοιὶῗἿῖἲῳίξ8101111118.12.)

409 2479 427 2502 8
505 2479 550 2502 uv
589 2479 608 2501 v
703 2478 718 2499 s
823 2479 864 2502 ic.
1178 2478 1197 2502 8
1247 2478 1267 2501 0

349 2512 382 2552 9)
406 2512 451 2588 ci}
473 2512 555 2545 Juv.
580 2511 659 2544 3152
683 2479 812 2567 (Cliant.
837 2522 892 2555 ap.
910 2512 1006 2546 Stob.
1024 2513 1132 2553 96.13;
1150 2512 1227 2545 Seu
1251 2522 1304 2554 ep.
1327 2512 1462 2552 115.11).
1514 2513 1565 2548 10)
1591 2511 1634 2544 cf.
1655 2513 1712 2544 121
1730 2521 1782 2554 sq.

330 2558 367 2588 ll
408 2565 426 2588 8
476 2566 508 2588 v
530 2558 623 2589 135s

328 2557 384 2637 123
408 2598 564 2639 Cogitari
586 2565 710 2640 poiest
728 2599 824 2630 hunc
847 2599 965 2631 locum
988 2598 1140 2631 fortasse
1164 2600 1286 2631 nostro
1302 2600 1385 2631 ante
1409 2597 1530 2631 oculos
1554 2597 1782 2631 obversatum

217 2649 306 2675 esse.
353 2641 458 2684 Apud
487 2641 658 2676 Senecam
687 2641 821 2675 ibidem
851 2641 1030 2676 adulteria
1058 2643 1265 2684 tanguntur.
1313 2641 1349 2675 Iu
1381 2639 1568 2675 Juvenalis
1592 2641 1713 2676 satura
1736 2641 1783 2675 ab

217 2686 287 2761 hade
310 2687 412 2761 parte
428 2686 568 2719 duobus
585 2686 750 2719 versibus
773 2686 935 2719 seiuncta
951 2686 1060 2719 verba
1077 2687 1285 2727 sequuntur,
1309 2686 1440 2727 quibus
1455 2687 1633 2718 nocturnus
1654 2686 1788 2718 adulter

214 2738 250 2761 1n
282 2737 340 2760 uc1
359 2738 400 2760 ur
