1980 3097
873 139 1114 177 „96—

208 267 436 316 Alexandri,
473 268 617 307 Xerxis
655 268 848 308 obtrectat
881 270 940 307 10.
962 280 1120 319 147-67,
1148 279 1306 319 168-72,
1333 279 1491 318 173-87,
1518 267 1719 308 Ciceronis
1748 273 1788 307 et

208 322 488 362 Demosthenis
523 323 770 375 eloquentiae
803 323 1028 362 114—132.
1094 323 1225 363 Etiam
1261 336 1456 362 summam
1491 324 1786 375 maximamque

209 377 427 428 potentiam
449 391 633 417 corruere
654 378 801 427 Seiani,
824 377 972 429 Crassi,
992 378 1171 431 Pompei,
1194 378 1376 418 Caesaris
1395 378 1585 430 exemplis
1603 378 1785 418 discitur:

207 442 370 479 58-107.
398 443 578 475 108---111.
630 433 770 482 Longa
797 433 880 472 vita
909 434 1088 472 homines
1122 446 1201 472 non
1229 431 1426 471 feliciores
1454 432 1538 470 fieri
1571 432 1743 472 Croesus
1755 433 1783 480 ¹)

208 486 483 536 Mithradates,
492 486 875 539 Marius,Pompeius
891 487 1033 527 docent
1050 497 1212 530 273-86‚
1237 487 1365 531 Quam
1380 487 1602 539 periculosa
1614 487 1785 539 pulchri-

207 541 302 580 tudo
317 541 491 593 corporis
505 542 564 585 sit,
579 555 600 580 e
612 542 820 581 Lucretiae
834 546 874 580 et
886 542 1091 594 Virginiae
1104 546 1207 581 sorte
1220 542 1462 593 intellegitur
1475 543 1553 581 293
1567 555 1623 593 sq.
1654 541 1786 581 Etiam

207 609 351 647 pueros
389 600 428 634 et
461 597 624 635 iuvenes
659 595 853 635 formosos
892 598 942 636 ab
976 596 1128 636 insidiis
1164 610 1243 636 non
1283 600 1387 635 tutos
1422 609 1507 634 esse
1541 596 1708 635 Neronis
1747 601 1787 635 et

206 650 441 689 Messalinae
471 651 675 689 salacitate
703 651 895 702 probatur
923 662 998 702 308,
1022 661 1205 694 331—338.
1245 651 1338 690 Alia
1366 650 1535 690 Neronis
1560 651 1710 690 scelera
1738 664 1784 690 ac

206 706 302 744 vitia
330 706 578 757 castigantur
608 707 644 745 8.
662 716 827 749 212—23.
881 705 936 746 Ut
969 706 1242 758 perspiciatur,
1281 710 1524 758 quantopere
1557 706 1786 758 provinciae

206 761 456 812 diripiantur,
488 761 642 812 Capito,
672 760 869 809 Numitor,
899 762 1109 810 Antonius,
1139 761 1363 810 Dolabella,
1384 762 1529 799 Verres
1550 765 1785 811 argumento

207 815 428 854 afferuntur
456 825 510 865 93,
536 824 597 857 105
622 833 674 866 sq.
744 815 1089 858 Quemadmodum
1128 816 1280 855 nobiles
1328 829 1351 854 a
1396 816 1541 854 virtute
1588 816 1784 855 maiorum

207 870 551 921 degeneraverint,
572 869 752 909 videmus
773 883 821 909 ex
840 871 979 909 studiis
999 871 1198 918 Laterani,
1207 869 1242 919 ²)
1263 870 1508 922 Damasippi,
1518 867 1551 919 ³)
1572 870 1783 919 Lentuli,4)

208 924 437 975 Gracchi.⁵)
494 924 663 963 Neronis
691 925 934 975 improbitati
956 924 1131 964 Senecae
1151 925 1316 964 virtutes
1335 926 1554 976 meritaque
1574 924 1603 964 J
1605 925 1785 964 uvenalis

207 979 371 1031 opponit
390 990 463 1029 212,
496 977 690 1018 Catilinae
712 978 957 1030 Cethegique
976 979 1092 1017 Marii
1112 983 1151 1018 et
1171 979 1385 1018 Ciceronis.
1427 979 1582 1030 Magnis
1601 980 1785 1019 laudibus

206 1035 393 1072 virtutem
429 1034 540 1071 effert
570 1033 785 1071 Deciorum
818 1044 892 1082 254,
930 1033 1147 1072 Fabiorum
1182 1033 1321 1082 (11.90),
1364 1034 1491 1072 Servii
1524 1033 1645 1072 Tullii
1679 1034 1783 1085 regis

208 1088 351 1127 ancilla
377 1088 460 1126 nati
489 1098 564 1138 259,
588 1087 708 1126 Mucii
735 1087 962 1136 Scaevolae,
984 1087 1142 1126 Horatii
1163 1086 1321 1126 Coclitis
1342 1098 1415 1138 264,
1446 1088 1619 1127 Fabricii
1640 1087 1784 1138 (11.91)‚

207 1143 456 1193 aliorumque
485 1142 680 1180 luminum
710 1143 766 1181 rei
796 1141 1035 1193 publicae.⁶)

339 1208 466 1260 Saepe
506 1208 765 1248 diatribarum
807 1212 986 1248 auctores
1027 1208 1154 1248 studio
1194 1209 1408 1248 sententias
1448 1208 1617 1248 morales
1660 1222 1780 1261 quam

206 1264 506 1303 accuratissime
549 1263 772 1315 explicandi
814 1264 980 1303 adducti*
1014 1264 1213 1315 singulare
1254 1264 1454 1315 quoddam
1493 1264 1658 1303 alicuius
1698 1264 1784 1304 vitii

207 1320 448 1370 exemplar
476 1318 667 1370 fingunt
695 1319 744 1357 ad
774 1332 858 1357 rem
889 1316 1251 1366 collustrandam.⁷)
1309 1318 1424 1357 Hanc
1459 1319 1782 1361 consuetudinem

206 1377 340 1412 noster
375 1373 517 1413 totiens
554 1373 743 1424 sequitur,
785 1378 827 1412 ut
862 1374 956 1412 satis
992 1374 1042 1412 sit
1076 1373 1173 1412 haec
1208 1386 1335 1425 pauca
1370 1374 1527 1423 eligere.
1571 1396 1621 1400 —
1657 1373 1785 1412 Mater

208 1428 471 1466 introducitur
505 1428 599 1466 deos
635 1441 766 1475 orans,
804 1432 846 1465 ut
882 1428 998 1466 liberi
1035 1428 1280 1466 formositate
1315 1431 1528 1478 praestent,
1572 1429 1633 1465 10.
1650 1438 1712 1469 289
1730 1446 1783 1478 sq.

208 1482 424 1533 Postquam
466 1483 506 1521 in
547 1482 777 1521 universum
818 1481 999 1534 exposuit
1041 1482 1101 1521 10.
1131 1492 1194 1524 298
1218 1500 1294 1533 sqq.
1337 1482 1567 1533 parentibus
1610 1482 1658 1520 de
1700 1482 1783 1520 filio

209 1550 373 1587 corpore
413 1537 678 1588 praecellente
719 1550 874 1588 semper
915 1537 1132 1575 timendum
1172 1549 1270 1584 esse,
1312 1537 1444 1575 statim
1487 1536 1782 1575 adulescentem

207 1591 335 1643 fingit,
365 1592 433 1643 qui
463 1592 644 1643 quamvis
674 1591 774 1630 bene
804 1592 994 1630 educatus
1023 1592 1072 1631 ab
1102 1591 1293 1643 improbis
1323 1591 1475 1643 cogitur
1500 1591 1630 1643 turpia
1650 1591 1783 1630 officia

206 1651 410 1697 praestare
431 1650 469 1684 et
488 1646 610 1685 semel
632 1650 837 1697 corruptus
857 1660 929 1698 per
947 1650 1069 1685 totam
1090 1645 1229 1684 urbem
1250 1660 1340 1685 cum
1360 1647 1549 1685 matronis
1573 1647 1780 1694 adulterat,

206 1701 300 1740 dum
347 1702 492 1740 iustam
528 1714 697 1752 poenam
749 1701 896 1752 pendit.
958 1701 1009 1740 Ut
1046 1701 1289 1739 demonstret
1327 1701 1505 1740 insaniae
1543 1701 1782 1740 feminarum

205 1756 404 1795 interdum
434 1769 513 1795 non
542 1756 804 1795 resistendum
835 1769 932 1803 esse,
960 1756 1057 1795 facit
1077 1755 1247 1807 aliquem
1274 1769 1297 1794 a
1316 1755 1528 1795 Messalina
1549 1756 1636 1807 cogi
1655 1756 1781 1807 ipsam

206 1812 245 1849 in
282 1812 578 1849 matrimonium
613 1811 757 1848 ducere
790 1811 850 1848 10.
874 1820 948 1855 330,
973 1820 1157 1851 339-345.
1213 1809 1265 1847 Ut
1300 1814 1432 1848 autem
1468 1810 1651 1857 sciamus,
1687 1810 1782 1860 quid

205 1865 276 1903 tali
318 1864 469 1904 homini
511 1865 643 1913 instet,
686 1864 822 1915 paucis
865 1863 997 1903 verbis
1040 1867 1187 1910 narrat,
1231 1864 1427 1914 quomodo
1469 1863 1564 1902 Silio
1605 1864 1783 1915 nupserit

206 1928 367 1962 33]-38,
419 1919 616 1957 Juvenem
652 1919 854 1957 nocturnis
892 1919 1081 1956 conviviis
1121 1918 1293 1968 ludoque
1332 1918 1473 1956 talario
1510 1918 1781 1969 indulgentem

209 1973 407 2021 describit,
451 1977 494 2011 ut
533 1977 736 2024 appareat,
780 1977 1024 2024 quantopere
1065 1972 1248 2011 nobilitas
1289 1975 1381 2010 tunc
1423 1972 1618 2011 maiorum
1660 1972 1782 2011 oblita

206 2028 255 2065 sit
291 2027 326 2066 8.
355 2038 491 2069 10—12.
555 2027 743 2078 Legimus
774 2028 810 2065 8.
837 2037 908 2077 140,
946 2040 1023 2078 quo
1062 2027 1150 2077 quis
1184 2026 1312 2064 maior
1346 2039 1391 2065 ac
1425 2026 1594 2065 nobilior
1630 2027 1691 2074 sit,
1734 2040 1781 2065 eo

206 2082 359 2120 maiora
387 2082 483 2121 vitia-
513 2082 596 2120 eius
625 2081 763 2131 videri,
795 2082 899 2133 quod
928 2081 988 2120 his
1018 2080 1209 2132 exemplis
1239 2081 1361 2120 satius
1390 2081 1564 2120 discitur.

276 2171 311 2195 v.
337 2158 412 2195 142
471 2158 557 2205 Quo
584 2157 685 2196 mihi
713 2160 745 2196 te
772 2157 932 2196 solitum
959 2156 1085 2206 falsas
1112 2156 1272 2206 siynare
1299 2155 1457 2195 tabellas

469 2212 515 2251 in
545 2211 705 2262 templis,
736 2223 834 2261 quae
860 2211 950 2260 fecit
977 2223 1087 2262 avus,
1115 2212 1360 2260 statuamque
1385 2211 1564 2260 parentis

469 2269 560 2305 ante
588 2265 895 2315 triumphalem?
923 2266 1020 2313 Quo,
1049 2266 1086 2304 si
1113 2267 1334 2304 nocturnus
1361 2264 1516 2304 adulter

471 2323 643 2370 tempora
671 2319 884 2360 Santonico
912 2319 1015 2360 velas
1042 2319 1228 2369 adoperta
1256 2318 1431 2359 cucullo?

208 2427 300 2460 Dial.
319 2427 363 2460 ΙΙ.
380 2428 447 2466 63).
473 2446 513 2451 -
538 2427 717 2461 Nonnulla
741 2428 904 2469 exempla
927 2427 1115 2460 Juvenalis
1133 2426 1273 2460 Valerio
1296 2426 1449 2460 Maximo
1473 2426 1603 2460 debere
1625 2426 1779 2459 videtur.

207 2469 370 2512 (Gercke,
395 2470 509 2504 Goett.
526 2470 593 2513 gel.
618 2471 704 2504 Anz.
731 2473 824 2505 1896.
848 2481 882 2513 p.
899 2470 985 2511 970).
1025 2470 1101 2512 Qua
1115 2479 1154 2503 re
1171 2479 1241 2504 non
1257 2469 1363 2512 effici,
1378 2470 1470 2504 utin
1488 2470 1661 2512 exemplis
1679 2479 1780 2503 usur-

208 2513 338 2556 pandis
354 2523 467 2548 unum
484 2514 668 2548 rhetorum
683 2524 819 2548 morem
836 2517 1017 2557 sequatur,
1042 2522 1147 2547 nemo
1169 2514 1325 2556 negabit.
1372 2513 1495 2556 Neque
1513 2514 1610 2547 enim
1628 2513 1779 2547 dubium

207 2559 273 2599 est,
303 2558 391 2600 quin
422 2557 544 2591 Cicero
573 2567 715 2600 quoque
744 2560 780 2591 et
802 2557 1020 2592 Plutarchus
1049 2557 1228 2591 similibus
1256 2557 1360 2591 libris
1386 2558 1443 2590 usi
1467 2557 1550 2599 sint,
1579 2557 1616 2590 in
1647 2557 1780 2599 quibus

208 2602 307 2634 dicta
330 2603 366 2635 et
389 2601 487 2634 facta
510 2601 668 2634 virorum
692 2601 888 2635 illustrium
912 2603 1014 2635 erant
1038 2600 1198 2634 collecta.

341 2645 372 2683 1)
397 2644 441 2678 cf.
467 2644 548 2679 Seu.
571 2645 615 2677 tr.
639 2653 695 2678 an.
723 2647 826 2681 11.12.
961 2646 996 2684 2)
1024 2644 1204 2677 146-178,
1339 2645 1372 2682 3)
1396 2645 1496 2678 8.185.

337 2690 371 2728 4)
395 2690 541 2723 8.1s7⁸q.
673 2689 707 2729 5)
731 2691 760 2722 8.
777 2692 902 2719 201—10.
932 2689 1080 2721 2.143-8.
1219 2688 1253 2729 6)
1277 2687 1320 2722 cf.
1345 2697 1378 2730 p.
1396 2690 1447 2722 69.

339 2733 373 2774 7)
397 2732 438 2766 H.
456 2732 584 2766 Weber
600 2733 652 2765 25.
