1980 3097
860 157 1102 194 -54—

308 285 383 324 198
444 315 451 322 .
471 315 478 322 .
499 315 506 322 .
526 315 533 322 .
552 295 644 322 cum
671 295 761 323 voce
791 283 1006 324 trementia
1033 283 1213 323 membra

447 341 484 377 et
513 338 597 377 iam
627 338 708 376 leve
738 341 863 388 caput
891 338 1125 388 madidique
1155 337 1337 388 infantia
1367 339 1470 377 nasi.

308 394 384 434 201
445 392 577 442 Usque
608 392 704 432 adeo
733 391 870 443 qravis
898 391 1024 433 uxori
1052 391 1238 442 natisque
1267 391 1422 443 sibique
1453 398 1526 434 etc.
1536 394 1567 445 ¹)

326 470 427 508 Cum
456 470 517 508 his
546 469 725 508 versibus
760 472 1051 521 comparandus
1086 475 1145 509 est
1172 470 1292 509 Junci
1324 470 1549 521 philosophi
1578 471 1772 524 dialogus,

194 525 234 564 in
251 538 329 577 quo
344 524 393 564 de
409 524 667 564 senectutem
683 528 893 577 utramque
906 529 1061 577 partem
1077 523 1354 578 disputatur2).
1386 524 1494 564 Stob.
1508 538 1546 577 p.
1557 526 1620 565 85.
1631 537 1671 569 21
1690 524 1771 577 (M.)

195 581 230 618 οἱ
259 581 303 618 δὲ
333 580 501 630 ὁρῶντες
531 580 647 617 αὐτὸν
685 577 791 629 (scil.
822 582 887 618 τὸν
916 579 1127 631 γέροντα),
1158 581 1191 618 εἰ
1219 581 1289 618 καὶ
1317 579 1420 629 φίλοι
1447 580 1517 617 καὶ
1545 580 1680 619 οἰκειοι
1708 581 1771 619 λέ-

193 646 334 684 γοιντο,
374 633 552 684 ἐπαχθὲς
587 634 684 671 εἶναι
713 633 913 685 νομίζουσι
947 635 1016 673 καὶ
1051 634 1186 686 θέαμα
1217 632 1396 685 ἀλγεινόν
1425 645 1466 671 τε
1495 633 1565 671 καὶ
1593 633 1770 686 λυπηρὸν

194 689 263 726 καὶ
292 687 560 738 πολυχρόνιον.
603 687 651 725 cf
674 700 764 738 pag
783 687 848 726 84.
862 698 894 729 5.
932 689 1062 727 Senex
1090 689 1140 727 ab
1169 688 1307 726 eodem
1327 700 1610 738 repuerascens
1629 688 1772 727 dieitur

193 755 231 792 p.
255 742 319 780 85.
335 752 352 782 7
389 740 512 791 κυφὸς
540 753 582 778 τε
612 742 665 778 ὢν
695 742 765 779 καὶ
795 741 965 792 ῥικνὸςῧ)
1000 743 1070 780 καὶ
1105 744 1280 794 ἄμορφος
1313 741 1383 778 καὶ
1418 741 1609 787 ἀδύνατος
1641 747 1690 792 τῇ
1728 755 1770 780 τε

194 793 343 848 ‹hux-724)
373 796 479 833 κατὰ
507 795 579 845 τὴν
599 795 813 848 παροιμίαν
842 801 934 843 παῖς
961 796 1080 836 πάλιν
1108 795 1288 848 γεγονώς.
1293 794 1326 843 ⁵)

327 849 464 888 Vitae
485 850 849 889 oblectamentis
869 863 1004 890 senes
1025 852 1183 890 orbari
1204 854 1243 889 et
1262 862 1378 889 aures
1397 850 1609 901 oculosque
1629 850 1770 889 hebes-

195 917 283 943 cere
312 904 521 943 Juvenalis
549 908 685 943 monet
712 917 775 943 vv.
798 905 877 943 203
893 918 950 955 sq.

380 956 475 996 Non
503 957 643 996 eadem
670 957 757 996 vini
787 960 903 1006 atque
934 956 1011 996 cibi
1040 960 1220 1007 torpente
1244 957 1386 1007 palato
1411 956 1417 1006 1
1441 955 1607 1007 qaudia.

195 1013 245 1051 cf.
277 1014 355 1051 229
373 1026 429 1063 sq.
466 1034 520 1039 —-
556 1013 664 1051 Stob.
695 1027 732 1064 p.
764 1014 826 1051 84.
846 1023 887 1055 29
903 1026 960 1063 sq.
995 1012 1134 1051 Κεῖται
1161 1014 1238 1064 γάρ
1272 1026 1348 1050 που
1381 1011 1506 1063 γήραϊ
1536 1012 1773 1063 παρείμενος

197 1066 328 1113 ἄσιτός
356 1079 398 1104 τε
428 1067 497 1104 καὶ
527 1068 670 1113 ἄποτος
698 1067 767 1105 καὶ
797 1066 1025 1117 ἀνέραστος,
1060 1067 1218 1113 οὐδενὸς
1247 1067 1315 1118 μὲν
1341 1065 1406 1113 ξὺν
1432 1065 1557 1117 ἡδονῇ
1581 1066 1770 1118 μετέχων,

194 1127 262 1159 τοῦ
292 1121 334 1159 δὲ
365 1121 575 1167 λυποῦντος
607 1120 777 1172 ἀκριβῶς
807 1120 1143 1172 αἰσθανόμενος.6)
1200 1121 1250 1159 cf.
1279 1121 1370 1159 Juv.
1400 1133 1437 1159 v.
1459 1120 1537 1158 213

441 1193 552 1242 Quid
580 1194 716 1244 refert,
747 1194 886 1246 maqni
914 1195 1051 1234 sedeat
1079 1208 1161 1244 qua
1184 1197 1305 1245 parte
1336 1193 1495 1244 theatri,

441 1248 511 1298 qui
541 1248 611 1287 vix
640 1249 863 1289 cornicines
893 1249 1087 1289 exaudiet
1117 1252 1234 1299 atque
1265 1249 1456 1289 tubarum

443 1303 685 1342 concentus?
713 1304 897 1343 Clamore
929 1316 1029 1353 opus
1057 1307 1127 1353 est,
1158 1307 1205 1342 ut
1233 1303 1383 1343 sentiat
1412 1303 1527 1342 auris
1556 1318 1636 1357 eqs.

304 1360 381 1397 2:27
443 1389 590 1398 ......
621 1357 756 1397 ambos

436 1411 622 1461 perdidit
650 1412 718 1451 ille
749 1413 881 1452 oculos
911 1415 948 1451 et
978 1412 1101 1452 luscis
1130 1412 1299 1458 invidet;

196 1479 245 1517 ef.
268 1479 376 1518 Stob.
400 1479 464 1518 84.
481 1489 534 1521 32.
583 1510 589 1517 .
617 1510 624 1517 .
656 1510 663 1517 .
692 1510 698 1517 .
728 1479 884 1530 γέλωτα
918 1485 995 1526 τοῖς
1029 1479 1151 1531 ὁρῶσι
1190 1479 1503 1531 παρασκευάζει,
1539 1479 1692 1531 βλέπων
1727 1493 1771 1518 τε

196 1536 268 1572 οὐκ
299 1533 458 1585 ἀκριβὲς
486 1534 555 1571 καὶ
584 1533 762 1585 βοώντων
792 1535 865 1572 οὐκ
895 1534 1145 1586 ἀκροώμενος
1172 1548 1209 1573 κ.
1226 1547 1258 1572 τ.
1275 1534 1309 1572 λ.
1805 1582 1808 1586 ’

327 1588 525 1626 Venerem
561 1601 584 1626 a
619 1592 819 1626 senectute
854 1601 940 1627 esse
974 1602 1154 1627 aversam
1183 1588 1421 1627 Plutarchus
1450 1601 1607 1639 quoque
1636 1589 1773 1627 scribit

196 1655 246 1680 an
277 1643 363 1680 seni
393 1643 442 1680 sit
470 1655 553 1692 ger.
585 1654 686 1692 resp.
719 1643 789 1684 5.1
818 1640 871 1693 (p.
896 1643 973 1681 786
990 1643 1044 1690 A)
1075 1643 1124 1681 ef.
1153 1641 1245 1681 Juv.
1277 1643 1357 1681 204
1373 1640 1466 1693 sq.⁷)

327 1696 524 1735 Omnibus
552 1696 724 1747 denique
752 1697 899 1735 morbis
929 1709 1042 1735 senes
1071 1697 1253 1736 laborare
1282 1701 1322 1735 et
1347 1695 1554 1735 ,Iuvenalis
1583 1700 1622 1735 et
1651 1696 1771 1735 Junci

195 1751 446 1789 adversarius
476 1751 728 1788 contendunt.
787 1750 834 1789 cf.
866 1764 904 1788 v.
940 1752 1032 1790 190:

440 1823 520 1864 Sed
548 1836 670 1874 quam
700 1823 904 1864 continuis
931 1827 969 1864 et
997 1823 1162 1875 quantis
1185 1824 1303 1876 lonqa
1322 1827 1505 1865 senectus

437 1879 565 1928 plena
584 1878 727 1919 malis!

306 1937 384 1973 217
446 1964 560 1971 .....
593 1932 845 1972 Circumsilit
875 1933 1033 1984 aqmine
1061 1933 1169 1983 facto

444 1987 674 2028 morborum
704 2001 816 2027 omne
844 2001 972 2039 qenus
1000 2003 1081 2042 eqs.

196 2056 303 2094 Stob.
336 2056 399 2094 84.
417 2066 458 2097 -26
501 2054 599 2093 Τότε
631 2056 698 2106 μὲν
732 2057 809 2106 γὰρ
846 2061 1021 2107 συνεχεῖς
1049 2056 1157 2094 νόσοι
1190 2057 1259 2094 καὶ
1294 2056 1422 2094 δίαιτα
1456 2056 1611 2102 πάντως
1645 2055 1769 2093 νοσώ-

196 2111 267 2160 δης
287 2123 323 2148 κ.
341 2123 372 2148 τ.
388 2109 421 2148 λ.
466 2109 734 2149 Insanabilem
769 2110 951 2149 morbum
971 2115 1087 2149 vocat
1115 2114 1356 2149 senectutem
1379 2109 1584 2158 Senecass),
1609 2114 1768 2161 portum

195 2165 371 2202 omnium
401 2164 597 2202 malorum
628 2162 775 2212 Bion.⁹)

230 2347 236 2353 ¹
326 2260 360 2343 ἐξ
384 2259 573 2345 ἕξινὸῐέἔ
586 2269 706 2337 {3549
736 2302 793 2344 (M.
815 2312 847 2345 p.
873 2304 915 2337 83
928 2303 994 2346 sq.)
1025 2303 1069 2336 cf.
1095 2303 1227 2345 Hense,
1258 2303 1330 2337 Tel.
1363 2304 1426 2337 rel.
1450 2302 1606 2345 LXX111;
1636 2302 1770 2341 Hirzel,

196 2346 288 2380 D1a1.
312 2346 358 2429 13¹1)
379 2356 426 2423 g'f.
435 2348 514 2423 21⁰3&
527 2399 580 2432 sq.
777 2390 811 2430 4)
837 2391 880 2423 cf
905 2392 969 2424 233
982 2400 1033 2432 sq.

327 2433 360 2470 5)
385 2432 436 2466 Ob
453 2433 561 2467 aliam
579 2442 725 2467 causam
742 2432 875 2467 Seneca
891 2443 971 2467 cum
989 2434 1109 2476 pueris
1126 2443 1229 2468 senes
1246 2435 1430 2476 comparat
1445 2433 1490 2467 de
1506 2435 1618 2468 const.
1635 2441 1709 2475 cap.
1728 2435 1765 2466 12

249 2476 340 2510 An
355 2476 526 2519 quicquam
548 2477 605 2510 isti
629 2477 711 2517 (scil.
727 2478 831 2527 senes)
849 2479 1062 2529 profecertmt
1082 2478 1198 2520 quibus
1223 2478 1430 2521 <puerilis>
1455 2477 1563 2511 animi
1585 2477 1674 2510 mala
1687 2480 1774 2510 sunt

194 2501 345 2561 auctique
373 2520 413 2553 in
440 2521 548 2554 maius
573 2531 708 2560 errores,
737 2521 795 2562 qui
815 2532 837 2554 a
857 2523 970 2562 pueris
1000 2522 1227 2563 maqnitudine
1252 2525 1381 2555 tantum
1401 2523 1576 2564 formaque
1596 2530 1766 2561 corporum

194 2563 365 2606 differwnt,
387 2565 532 2596 ceterum
554 2575 624 2597 non
647 2564 762 2597 minus
784 2564 856 2606 vaqt‘
877 2564 1067 2606 incertique,
1096 2565 1312 2607 voluptatium
1335 2565 1406 2599 sine
1427 2565 1550 2598 delectu
1571 2564 1771 2606 adpetentes

196 2606 315 2649 trepidi
348 2610 379 2640 ct
412 2617 477 2640 non
503 2607 641 2649 inqendo,
666 2608 730 2670 lced
754 2607 936 2650 formidine
964 2608 1074 2650 quieti.
1105 2611 1172 2642 ete.
1223 2608 1267 2642 cf.
1298 2608 1455 2646 Norden,
1492 2607 1609 2641 annal.
1639 2607 1770 2650 philol-

194 2660 261 2691 sup
227 2617 368 2732 θξωωέ)
389 2651 753 2735 ?351Plap·351?·1'3
777 2703 810 2736 p.
827 2694 916 2736 329]-
1115 2694 1149 2735 7)
1175 2705 1207 2727 v.
1232 2704 1312 2738 p.ag
1329 2696 1382 2729 34.

326 2739 359 2777 8)
383 2746 436 2779 ep.
466 2738 537 2771 108.
551 2748 582 2772 28
605 2737 664 2778 (cf.
691 2739 761 2773 107.
771 2737 811 2779 3).
1006 2740 1044 2779 9)
1069 2748 1122 2781 ap.
1147 2705 1254 2782 Diog.
1275 2739 1388 2789 baert.
1414 2738 1472 2773 IV.
1496 2739 1548 2771 48.
