1980 3097
849 133 1093 173 -63-

188 265 243 304 cf.
273 263 351 303 Dio
380 261 472 301 Chr.
502 262 664 301 XXXII
685 265 735 302 74
764 278 802 315 p.
823 265 914 303 425.
931 275 973 307 28
1001 264 1067 315 Μὴ
1102 267 1168 303 οὖν
1197 264 1333 302 οἴεσθε
1362 265 1451 314 περὶ
1481 268 1629 315 μικρῶν
1660 263 1759 300 εἶναι

192 321 259 357 τὸν
285 316 412 368 λόγον,
448 316 541 355 ὅταν
570 329 625 363 τις
653 318 739 370 ὑμῖν
765 318 994 370 διαλέγηται
1021 320 1111 370 περὶ
1137 324 1214 357 τῶν
1245 318 1285 357 ἐν
1313 322 1390 364 τοῖς
1419 317 1603 368 θεάτροις
1637 316 1755 367 θορύ-

190 373 271 426 βων
302 402 309 409 .
342 402 349 409 .
382 400 390 408 .
422 369 510 409 ἀλλ’
539 371 632 410 ὅταν
661 372 714 419 εἰς
741 374 785 411 τὸ
815 373 973 412 στάδιον
1000 372 1159 424 ἔλθητε,
1188 373 1243 419 τίς
1273 374 1319 411 ἂν
1349 373 1469 411 εἰπεῖν
1499 372 1654 411 δύναιτο
1688 372 1758 416 τὰς

195 428 281 465 ἐκεῖ
310 426 489 476 κραυγὰς
507 426 576 463 καὶ
605 425 774 478 θόρυβον
799 427 869 465 καὶ
897 427 1068 478 ἀγωνίαν
1097 429 1166 465 καὶ
1195 427 1410 479 σχημάτων
1442 426 1659 478 μεταβολὰς
1687 426 1758 464 καὶ

189 479 413 534 χρωμάτων
456 479 525 517 καὶ
566 479 817 532 βλασφημίας
863 482 946 527 οἵας
984 482 1054 519 καὶ
1091 483 1189 528 ὅσας
1228 481 1378 532 ἀφίετε;
1414 481 1498 520 κτλ.
1542 481 1592 520 cf.
1622 479 1671 530 ἐξ
1690 481 1755 523 41,

194 536 246 574 50
266 547 322 585 sq.
343 546 381 585 p.
402 535 495 572 414.
508 531 536 581 ¹)
563 533 760 573 Maximus
779 534 920 586 Tyrius
938 535 1075 587 laudat
1094 536 1143 574 37
1160 536 1258 583 (21).
1272 548 1293 578 4
1318 536 1521 587 antiquam
1538 535 1758 574 Athenien-

191 590 295 628 sium
323 599 478 626 musam
507 587 725 639 chorosque
758 601 970 639 puerorum
1005 593 1043 627 et
1074 589 1263 638 virorum,
1297 590 1339 627 in
1367 590 1591 640 spectacula
1624 592 1758 627 autem

192 642 426 694 insipienter
452 642 651 680 invehitur
687 646 731 681 ut
758 642 799 681 in
826 642 1063 694 principium
1093 643 1259 681 civitatis
1288 644 1610 695 corrumpendae.
1643 656 1758 694 μετα-

194 702 373 735 πεσοῦσα
417 696 460 734 δὲ
502 696 636 747 ἡσυχῇ
682 697 744 735 ἐπὶ
777 696 920 748 τέχνην
964 696 1182 748 ἀκορέστου
1215 696 1412 748 χάριτοςῖ)
1444 698 1483 736 ἐν
1515 703 1645 748 σκηνῇ
1689 697 1759 734 καὶ

196 751 378 801 θεάτροις
421 750 527 801 ἀρχὴ
573 756 643 801 τῆς
682 752 771 802 περὶ
799 750 996 789 πολιτείαν
1032 752 1160 797 αὐτοῖς
1192 750 1461 802 πλημμελείας
1506 751 1669 802 ἐγένετο.
1706 773 1758 776 -

193 805 350 844 Marcus
378 804 564 843 Aurelius
605 805 808 844 educatori
849 806 996 857 gratias
1040 806 1121 857 agit
1156 807 1190 844 1.
1205 816 1237 849 5,
1281 806 1387 856 quod
1429 819 1471 844 se
1499 805 1674 844 docuerit
1715 807 1759 842 τὸ

197 859 295 911 μήτε
323 858 549 910 Πρασιανὸς
585 859 682 911 μήτε
716 859 945 906 Βενετιανὸς
975 891 982 898 .
1016 891 1023 898 .
1057 891 1063 898 .
1096 890 1105 899 .
1134 859 1336 911 γενέσθαι.
1396 860 1445 898 cf.
1480 859 1570 898 Juv.
1604 862 1665 897 11.
1685 870 1759 901 198.

190 914 335 957 Quiete
364 913 405 951 iu
424 914 578 952 theatro
599 927 641 952 se
661 927 798 965 gerere
825 914 1027 966 Epictetus
1055 915 1169 953 iubet
1187 926 1292 952 man.
1324 913 1501 960 33.10.³)
1537 935 1588 940 —
1618 913 1762 964 Populi

193 968 467 1013 crudelitatem
487 968 675 1007 adversus
695 969 934 1019 gladiatores
953 972 1086 1007 noster
1106 969 1315 1007 adumbrat
1335 968 1372 1005 3.
1388 979 1448 1015 373
1471 981 1589 1019 quam
1611 967 1761 1006 Seneca

192 1022 368 1072 graviter
394 1022 609 1061 insectatur
637 1035 697 1073 ep.
719 1024 784 1061 95.
801 1033 854 1065 33.
915 1023 962 1061 In
991 1023 1258 1061 obscoenitate
1291 1022 1501 1061 mimorum
1532 1021 1762 1060 Lactantius

193 1078 284 1115 inst.
317 1077 352 1115 6.
368 1086 410 1119 20
438 1080 477 1114 et
505 1076 701 1115 Minucius
729 1076 841 1115 Felix
870 1076 990 1120 37:12
1019 1077 1234 1116 offendunt.
1293 1076 1343 1115 cf.
1379 1077 1470 1116 Juv.
1508 1078 1635 1124 8.197‚
1666 1078 1761 1118 6.44.

326 1130 589 1169 Acerbissime
618 1131 824 1170 Juvenalis
851 1131 1115 1182 reprehendit,
1152 1132 1256 1182 quod
1285 1131 1403 1169 etiam
1432 1132 1610 1169 homines
1639 1130 1763 1168 nobili

194 1184 282 1223 loco
312 1184 394 1223 nati
423 1184 624 1236 dignitatis
654 1185 752 1224 adeo
782 1185 1076 1235 obliviscantur,
1107 1190 1150 1225 ut
1177 1187 1217 1224 in
1247 1198 1405 1224 scenam
1433 1185 1637 1237 prodeant.

234 1262 348 1302 8.183
405 1258 526 1308 Quid,
556 1259 593 1297 si
620 1272 843 1308 numquam
872 1261 968 1299 adeo
996 1259 1126 1309 foedis
1155 1260 1329 1309 adeoque
1359 1259 1565 1309 pudendis

402 1311 560 1352 utimur
588 1313 795 1364 exemplis,
826 1317 872 1354 ut
900 1328 981 1354 non
1007 1313 1149 1365 peiora
1176 1313 1410 1365 supersint?
1441 1337 1491 1342 —

405 1367 664 1418 Consumptis
693 1368 833 1418 opibus
861 1382 1004 1418 vocem,
1035 1368 1302 1418 Damasippe,
1334 1368 1473 1407 locasti

402 1421 568 1472 sipario,
599 1423 818 1462 clamosum
848 1435 984 1474 ayeres
1013 1425 1060 1461 ut
1086 1422 1269 1462 Phasma
1297 1421 1462 1462 Catulli.

405 1475 656 1515 Laureolum
683 1477 799 1516 velox
827 1477 950 1516 etiam
979 1478 1074 1516 bene
1103 1477 1307 1516 Lentulus
1336 1477 1415 1527 eyit

403 1529 535 1569 iudice
564 1543 626 1569 me
655 1530 803 1581 diynus
830 1544 927 1570 vera
955 1544 1082 1570 cruce.
1140 1534 1210 1570 etc.
1243 1564 1252 1571 .
1285 1563 1292 1570 .
1325 1563 1333 1570 ,

273 1587 348 1624 199
407 1615 415 1622 .
449 1615 456 1622 .
489 1617 496 1624 .
527 1584 642 1623 Haec
670 1585 783 1624 ultra
811 1585 910 1635 quid
938 1585 1016 1624 erit
1044 1585 1127 1624 nisi
1156 1585 1305 1625 ludus?
1334 1589 1371 1624 et
1399 1585 1484 1624 illic

405 1639 575 1678 dedecus
603 1639 717 1679 urbis
745 1640 875 1690 habes,
906 1653 978 1680 nec
1005 1640 1266 1680 mirmillonis
1294 1640 1337 1679 in
1368 1640 1505 1689 armis,

404 1705 476 1732 nec
504 1693 629 1744 clipeo
659 1693 887 1734 Gracchum
910 1698 1165 1745 puynantem
1194 1698 1266 1734 aut
1287 1695 1396 1745 'falce
1425 1694 1578 1744 supina

406 1747 574 1787 damnat
602 1748 710 1788 enim
739 1749 840 1788 tales
868 1749 1029 1789 habitus
1060 1781 1067 1788 .
1100 1781 1109 1789 .
1142 1780 1148 1787 .
1182 1781 1189 1788 .

404 1833 411 1841 .
445 1835 451 1842 .
485 1836 493 1842 .
527 1837 533 1843 .
564 1806 692 1843 movet
720 1816 803 1844 ecce
833 1803 1048 1843 tridentem
1076 1807 1143 1843 etc.

191 1879 246 1916 cf.
277 1879 448 1928 2.143.4)
504 1880 621 1919 Tales
664 1882 826 1921 iuvenes
857 1882 1008 1921 Seneca
1035 1882 1263 1934 perstringit
1305 1895 1366 1933 ep.
1398 1883 1529 1924 99.13.
1587 1877 1761 1929 Adspice

195 1931 287 1971 illos
315 1931 491 1982 iuvenes,
532 1946 635 1983 quos.
673 1947 725 1974 eae
767 1934 1027 1974 nobilissimis
1067 1934 1250 1974 domibus
1292 1934 1337 1973 in
1380 1946 1547 1973 arenam
1591 1932 1762 1972 luxuria

187 1985 374 2034 proiecit.
405 1988 452 2027 In
465 1989 544 2027 alia
559 1991 728 2040 epistula
745 1990 829 2039 (87.
844 1990 882 2039 9)
899 1991 1114 2041 castigatur
1128 1988 1202 2038 hie,
1225 1988 1295 2038 qui
1310 1988 1416 2027 inter
1431 1988 1522 2027 illos
1535 1990 1762 2037 apparatus

196 2039 385 2080 delicatos
414 2042 683 2082 cummaxime
718 2042 887 2088 dubitat,
930 2046 1071 2082 utrum
1098 2056 1139 2081 se
1183 2043 1237 2081 ad
1275 2042 1460 2093 qladium
1500 2042 1598 2081 locet
1626 2054 1681 2080 an
1710 2041 1763 2080 ad

195 2094 384 2135 eze-ltrum.
441 2097 500 2136 Ne
543 2100 766 2151 exemplum
795 2099 962 2138 Neronis
1001 2099 1218 2147 imitentur,
1262 2099 1329 2150 qui
1371 2098 1541 2137 maxima
1569 2098 1763 2137 industria

192 2151 488 2245 {lihamfgica}
524 2154 598 2245 ιεῗιτί
627 2154 831 2202 studuerit,
875 2153 952 2193 Dio
983 2153 1075 2192 Chr.
1106 2153 1393 2192 Alexandrinos
1434 2157 1570 2191 monet
1598 2152 1763 2191 XXXII

277 2218 314 2256 p.
447 2220 467 2245 c
485 2238 493 2246 .
553 2221 614 2246 uv.

279 2282 396 2325 8.198
451 2294 531 2376 resb
542 2281 657 2388 ᾖῖᾳιιέ)
671 2282 778 2321 mira
807 2285 942 2322 tamen
971 2281 1197 2322 citharoedo
1222 2280 1411 2332 principe
1441 2281 1590 2321 mimus

456 2350 507 2376 no
534 2349 548 2375 i
566 2350 612 2376 is.
688 2361 738 2365 —

333 2501 361 2538 1)
385 2501 429 2534 cf.
453 2501 543 2534 Phil.
568 2501 612 2534 ‹le
635 2511 734 2543 prov.
762 2501 802 2534 ll.
831 2503 901 2535 103.
1035 2503 1067 2541 2)
1093 2503 1137 2535 cf.
1160 2502 1241 2535 Juv.
1273 2504 1370 2534 ll.53.

193 2585 220 2617 d
329 2543 363 2584 3)
387 2544 657 2595 Procuratorem
681 2544 779 2587 Epiri
803 2544 986 2587 Epictetus
1011 2546 1173 2588 castigat,
1203 2545 1297 2587 quod
1327 2545 1467 2587 turpius
1497 2545 1668 2579 comoedo
1692 2545 1765 2578 cui-

223 2594 280 2678 am
303 2587 459 2679 &legg-4
492 2588 550 2674 gbl.
573 2590 765 2665 &iuvenalis
800 2632 908 2665 Acilii
942 2632 1144 2666 Glabrionis
1184 2632 1399 2665 mentionem
1435 2632 1532 2672 facit,
1569 2632 1631 2673 qui
1665 2632 1766 2664 iussu

196 2674 370 2715 prlnclpis
393 2674 429 2708 in
455 2684 564 2708 arena
588 2685 667 2709 cum
692 2675 785 2708 ursis
809 2677 988 2709 cert-amen
1013 2676 1153 2709 inierat.

328 2718 360 2758 5)
385 2718 429 2751 cf.
454 2718 547 2752 Plut.
571 2719 615 2753 de
639 2719 734 2752 adul.
759 2720 794 2752 et
817 2719 919 2753 amic.
949 2722 987 2752 12
1011 2720 1059 2762 (p.
1085 2722 1126 2753 56
1154 2719 1200 2760 F).
