1980 3097
838 113 1082 151 -23-

170 241 530 293 περικαλλέστατα,
567 241 619 287 ὡς
652 239 847 292 ἀφιγμένα
887 242 961 292 οὐχ
995 241 1213 292 ὑπηρεσίας
1247 243 1367 281 ἕνεκα
1403 240 1587 295 μᾶλλονῙ)
1616 242 1642 293 ἢ
1669 247 1745 280 ’τοῦ

171 295 345 348 φανέντα
373 296 445 346 τὴν
475 300 552 334 τῶν
582 295 795 346 θεωμένων
830 295 917 345 ὄψιν
946 295 1098 346 ἡδῦναι.
1158 294 1316 334 Τούτων
1350 296 1385 335 οἱ
1421 298 1490 348 μὲν
1524 297 1663 342 παῖδες
1691 295 1747 334 ἔτι

172 353 281 396 ὄντες
299 351 530 401 οἰνοχοοῦσι,
547 350 809 401 ὑδροφοροῦσι
825 349 868 387 δὲ
890 349 1109 401 βούπαιδες,
1131 349 1357 402 λελουμένοι
1376 351 1446 389 καὶ
1464 349 1744 403 λελειασμένοι,

171 405 222 444 τά
250 418 292 443 τε
326 404 524 455 πρόσωπα
560 403 797 456 ἐντρίβονται
831 405 901 443 καὶ
935 404 1227 456 ὑπογράφονται
1260 405 1330 443 καὶ
1363 406 1432 451 τὰς
1464 411 1535 456 τῆς
1568 404 1748 457 κεφαλῆς

171 459 310 511 τρίχας
330 461 374 497 εὖ
393 472 476 505 πως
497 458 776 497 διαπλέκονται
805 459 1080 511 σφηκούμενοι.
1129 458 1382 511 Βαθυχαῖται
1408 459 1486 511 γάρ
1514 459 1610 499 εἰσιν
1637 461 1664 511 ἢ
1693 459 1746 512 μὴ

172 513 394 566 κειρόμενοι
419 515 463 552 τὸ
487 513 680 565 παράπαν
712 544 719 551 .
753 544 760 551 .
794 544 801 551 .
835 544 843 552 .
873 514 943 552 καὶ
967 519 1154 566 γραμμῆς
1188 513 1451 565 κυκλοτεροῦς
1486 514 1749 567 ἠκριβωμένοι

174 574 329 621 σχῆμα,
358 568 526 620 χιτῶνάς
553 581 596 606 τε
642 569 904 619 ἀραχνοῦφεῖς
947 569 1016 606 καὶ
1052 568 1264 615 ἐκλεύκους
1304 567 1668 620 ἐπαναζωσάμενοι,
1701 570 1750 608 τὰ

176 624 246 675 μὲν
277 621 505 674 ἐμπρόσθια
534 621 746 673 κατωτέρω
780 627 857 660 τῶν
886 622 961 660 ὑπὸ
989 623 1119 673 γόνου,
1153 625 1201 662 τὰ
1229 623 1270 662 δὲ
1305 622 1470 661 κατόπιν
1507 624 1645 674 μικρὸν
1673 623 1749 661 ὑπὸ

174 684 253 724 τοῖς
280 676 472 729 γονατίοις
501 676 627 724 mm)
676 676 930 728 Quantopere
960 681 1093 716 noster
1116 678 1317 717 ministros
1336 677 1424 717 illos
1448 677 1675 728 splendidos
1704 690 1750 716 ae

175 732 423 771 muliebriter
438 735 615 782 comptos
636 735 875 781 contemnat,
891 745 940 770 ex
954 732 1015 770 his
1030 733 1210 771 versibus
1225 732 1409 783 cognosci
1431 735 1577 783 potest:
1597 732 1658 770 11.
1675 742 1748 774 145.

825 806 1000 847 Plebeios
1026 807 1158 848 calices
1187 837 1359 847 .....

435 862 611 913 porriyet
639 861 812 902 incultus
834 875 937 912 puer
964 864 1079 911 atque
1103 875 1128 901 a
1155 862 1302 914 friqore
1330 865 1449 912 tutus,

441 928 526 955 nou
556 916 699 966 Phryx
727 918 799 955 aut
825 915 974 967 Lycius
1003 944 1461 956 ............

310 972 386 1010 149
444 970 558 1010 Idem
588 970 745 1010 habitus
771 970 930 1019 monetis,
961 970 1064 1010 tonsi
1091 971 1256 1020 rectique
1282 971 1418 1021 capilli

311 1027 386 1064 154
444 1025 612 1075 inqenui
638 1024 770 1064 vultus
792 1037 894 1075 puer
922 1025 1163 1075 ingenuique
1185 1025 1364 1075 pudoris,

443 1078 575 1128 quales
601 1092 678 1118 esse
706 1081 815 1128 decet,
844 1091 940 1128 quos
967 1079 1111 1119 ardens
1134 1091 1320 1129 purpura
1349 1080 1485 1119 vestit.
1510 1110 1517 1118 .
1542 1110 1550 1118 .

309 1135 383 1172 157
444 1164 452 1171 .
486 1164 493 1171 .
526 1145 594 1173 ‘nec
622 1132 817 1172 vellendas
846 1134 925 1172 iam
950 1133 1135 1182 praebuit
1161 1133 1257 1173 alas.

179 1209 230 1248 cf.
262 1209 354 1248 Seu.
385 1222 446 1260 ep.
469 1210 532 1249 95.
551 1220 605 1251 ‘24-
655 1208 834 1248 Tra‘nseo
860 1210 1023 1258 aqmina
1042 1209 1275 1249 exoletorum
1298 1223 1372 1260 per
1391 1210 1570 1249 nationes
1597 1209 1754 1249 colores-

178 1276 254 1314 que
272 1263 462 1313 descripta
471 1262 518 1314 3),
548 1266 594 1303 ut
619 1264 749 1302 eadem
776 1263 957 1303 omnibus
985 1262 1118 1304 levitas
1145 1264 1207 1315 sit,
1232 1265 1363 1304 eadem
1385 1264 1541 1315 primae
1568 1275 1754 1304 mensura

182 1318 399 1370 lamminis,
435 1318 567 1358 eadem
605 1319 742 1367 species
783 1318 1030 1370 capillorum,
1070 1331 1121 1358 ne
1154 1319 1244 1369 quis
1278 1319 1343 1359 cui
1375 1320 1518 1359 rectior
1549 1321 1603 1358 est
1633 1330 1753 1368 coma,

180 1373 364 1423 crispulis
391 1373 608 1412 misceatur.
619 1373 652 1421 4)

313 1428 445 1467 Etiam
493 1428 764 1466 vehementius
812 1428 1005 1479 ingenuos
1051 1429 1314 1480 persequitur,
1365 1429 1433 1480 qui
1479 1428 1755 1467 muliebrem

182 1486 364 1522 vestem
393 1483 563 1522 induunt
591 1487 787 1534 arteque
817 1482 1010 1521 formam
1043 1496 1221 1535 augere
1251 1482 1461 1532 student.⁵)

253 1562 289 1598 2.
306 1570 347 1601 39
405 1558 486 1598 Ille
512 1559 764 1607 supercilium
794 1558 956 1597 madida
982 1558 1154 1609 fuliqine
1181 1561 1326 1598 tactum

409 1612 564 1663 obliqua
591 1613 772 1664 producit
799 1625 884 1662 acu,
912 1612 1145 1665 piuquitque
1172 1613 1369 1653 trementis

409 1668 593 1707 attollens
621 1668 788 1716 ocutosss)
821 1697 1401 1707 ...............

409 1721 688 1772 reticulumque
715 1722 831 1762 comis
858 1723 1047 1761 auratum
1074 1722 1297 1774 inqentibus
1325 1721 1467 1773 implet.
1478 1720 1511 1771 7)

318 1798 408 1836 Alio
437 1799 523 1837 loco
552 1799 797 1837 iuventutem
825 1798 1037 1848 levigatam
1067 1799 1244 1849 castigat.

327 1874 445 1916 8.114
502 1874 597 1923 quid
625 1874 801 1913 resinata
829 1874 1010 1912 iuventus

506 1940 700 1977 cruraque
727 1928 844 1967 totius
869 1927 1018 1978 facient
1045 1927 1116 1968 tibi
1144 1928 1243 1968 levia
1267 1926 1421 1980 gentis?

185 2005 237 2043 cf.
260 2005 298 2043 8.
316 2016 356 2046 14
382 2017 439 2055 sq.
468 2006 504 2043 9.
522 2015 575 2047 95.
634 2004 762 2047 Quam
792 2004 964 2043 celebria
991 2005 1315 2056 philosophorum
1343 2005 1383 2044 in
1409 2003 1761 2043 declamationibus

187 2059 286 2098 haec
325 2059 492 2098 erimina
529 2059 678 2098 fuerint
719 2059 760 2097 in
790 2058 1088 2111 quaestionibus
1136 2059 1382 2099 Musonianis
1419 2058 1644 2098 Wendland
1680 2059 1761 2098 iam

188 2115 476 2153 demonstravit
494 2128 532 2166 p.
555 2115 607 2153 20
622 2128 678 2166 sq.
715 2114 856 2166 Itaque
876 2115 970 2153 satis
990 2115 1117 2154 habeo
1137 2115 1208 2154 hos
1228 2115 1335 2154 locos
1355 2115 1515 2154 afferre:
1542 2113 1600 2153 Ol.
1616 2113 1690 2153 III.
1711 2115 1759 2153 16

187 2168 245 2206 Τὸ
273 2170 351 2219 γὰρ
382 2169 529 2219 ἄνδρας
547 2171 661 2214 ὄντας
680 2168 877 2221 ξυρᾶσθαι
902 2171 971 2208 καὶ
996 2169 1229 2208 λεαίνεσθαι
1257 2175 1340 2216 πῶς
1359 2170 1433 2207 οὐκ
1462 2165 1760 2219 ἀγεννές-δεῇ).

191 2223 242 2261 de
273 2223 379 2261 brev.
409 2236 446 2261 v.
482 2224 543 2261 12.
562 2233 582 2265 3
607 2252 777 2261 .....
808 2222 877 2262 hos
905 2225 948 2262 tu
977 2223 1113 2263 otiosos
1147 2235 1258 2263 vocas
1285 2223 1391 2263 inter
1417 2222 1606 2273 pectinem
1632 2235 1762 2273 specu-

187 2276 347 2326 lumque
382 2276 607 2326 occupatos?
663 2277 711 2315 ef.
742 2277 834 2315 Juv.
872 2279 908 2316 2.
926 2276 1022 2325 29.⁸)
1085 2277 1200 2316 Addo
1236 2277 1406 2327 denique
1445 2276 1517 2327 Ep.
1546 2275 1619 2315 ΙΙΙ.
1650 2279 1760 2324 1·26;

189 2330 241 2370 D.
273 2330 367 2369 Chr.
397 2330 595 2379 XXXIII,
628 2331 677 2369 63
707 2344 744 2383 p.
766 2331 813 2369 21
839 2330 909 2379 D.;
939 2331 1040 2369 Plin.
1077 2331 1228 2374 14.123.

323 2442 355 2482 1)
381 2443 425 2475 cf.
449 2444 535 2477 Juv.
552 2444 621 2476 5.60
634 2451 686 2484 sq.
820 2443 854 2483 2)
879 2442 922 2476 cf.
947 2442 1026 2477 Sen.
1051 2452 1104 2486 ep.
1121 2444 1218 2479 47.7:
1246 2444 1377 2476 119.11.
1431 2441 1512 2477 Luc.
1537 2442 1609 2477 Sat.
1621 2444 1673 2477 24.

320 2487 357 2526 3)
383 2486 426 2520 cf.
450 2488 522 2520 5.53
534 2496 598 2528 sq.‚
622 2489 702 2527 4.75‚
726 2488 822 2528 7.132,
847 2489 942 2519 9.14.⁹‚.

324 2530 358 2568 4)
384 2530 428 2563 cf.
458 2530 537 2564 Sen.
569 2539 622 2572 ep.
648 2531 768 2570 119.14‚
796 2531 839 2563 tr.
870 2539 925 2563 an.
950 2532 978 2569 1,
998 2531 1027 2563 8.
1079 2529 1123 2563 de
1152 2539 1251 2572 prov.
1281 2530 1361 2562 3.13.
1411 2528 1498 2563 Mus.
1534 2539 1589 2572 ap.
1619 2529 1668 2563 St.
1691 2532 1764 2563 6.24

191 2573 253 2612 (H.
277 2582 311 2615 p.
325 2575 388 2607 289
401 2573 479 2616 sq.).
613 2573 647 2613 5)
672 2573 716 2606 cf.
740 2572 819 2606 Sen.
843 2573 923 2607 ben.
947 2573 972 2607 Ι.
1001 2575 1049 2607 10.
1063 2577 1088 2606 2.

326 2617 360 2657 6)
386 2617 484 2651 Idem
508 2617 653 2651 feminis
677 2617 819 2650 crimini
844 2617 952 2651 vertit
976 2616 1084 2651 Clem.
1108 2616 1211 2658 paed.
1235 2615 1297 2649 111.
1322 2617 1353 2657 6,
1366 2618 1396 2650 7.

326 2661 360 2699 7)
386 2661 429 2694 cf.
454 2660 542 2696 Mus.
567 2669 622 2702 ap.
647 2659 743 2693 Stob.
769 2663 837 2692 624
860 2660 916 2700 (H.
939 2669 972 2701 p.
990 2662 1105 2693 290.15
1117 2661 1200 2701 sq.).
1247 2659 1354 2692 Clem.
1376 2659 1478 2700 paed.
1502 2659 1561 2693 111.
1582 2660 1630 2692 15.
1682 2659 1766 2693 Luc.

195 2701 292 2744 Nigr.
320 2703 368 2736 13.
503 2703 536 2744 8)
562 2703 606 2737 cf.
631 2713 683 2745 ep.
701 2704 808 2744 86.11;
832 2704 940 2745 90.25;
965 2713 998 2745 q.
1022 2712 1056 2736 n.
1081 2702 1106 2737 Ι.
1133 2704 1208 2735 17.6
1225 2710 1277 2744 sq.
1321 2701 1428 2736 Clem.
1452 2702 1554 2746 paed.
1580 2700 1639 2736 111.
1665 2704 1715 2736 17.
