1980 3097
874 161 1115 198 —5--

211 289 263 328 cf.
277 288 415 328 13.123.
441 289 783 344 Tranquillitatem
794 291 977 341 Socratis,
990 290 1211 343 Chrysippi,
1222 290 1396 329 Thaletis
1408 290 1610 341 praedicat
1625 289 1685 328 13.
1700 299 1780 331 183⁸:

452 367 810 417 quantulacumque
836 368 930 406 adeo
958 369 1015 406 est
1042 367 1198 416 occasio,
1225 364 1369 414 sufficit
1395 365 1491 404 irae.

454 419 697 472 Chrysippus
724 434 806 462 non
837 422 932 461 dicet
959 421 1062 461 idem
1092 433 1160 460 nec
1186 421 1277 459 mite
1308 418 1518 469 lealetisl)

452 477 656 527 inqenium
685 476 862 526 dulcique
888 489 1004 515 senex
1031 476 1188 515 vicinus
1216 474 1397 523 Hymetto
1426 474 1537 523 etc.2)

209 550 273 590 De
292 551 494 591 Heraclito
524 557 563 592 et
583 553 809 592 Democrito
838 553 959 592 etiam
979 552 1130 591 Seneca
1158 550 1257 589 nihil
1286 550 1392 588 aliud
1421 550 1543 589 refert
1572 550 1647 588 nisi
1674 549 1781 600 quod

206 605 413 645 «Iuvenalis
442 611 488 645 tr.
520 621 582 646 an.
617 608 677 645 15.
698 618 768 657 23:
812 606 874 646 hic
900 607 1007 646 enim
1035 605 1211 654 quotiens
1238 605 1285 643 in
1308 603 1508 653 publicum
1529 605 1780 654 processerat,

206 659 331 709 flebat,
363 660 427 700 ille
454 661 614 701 ridebat.
673 661 781 700 Huic
809 661 956 706 onmia,
985 672 1085 710 quae
1104 660 1274 711 aqimus,
1304 658 1494 705 miseriae,
1524 657 1588 697 illi
1611 657 1781 708 ineptiae

209 715 488 763 videbantur.3)
538 717 586 754 cf.
618 716 709 754 Juv.
742 716 804 754 10.
824 726 965 758 28-31.
1037 714 1198 757 Jamne,
1224 713 1347 764 iyitur
1389 712 1548 760 laudas,
1591 712 1695 761 quod
1735 712 1781 754 de

206 769 449 818 sapientibus
459 769 558 809 alter
573 767 576 821 Ι
591 769 753 820 ridebat,
765 769 941 819 quotiens
951 769 996 808 de
1007 768 1147 810 limine
1157 769 1329 806 moverat
1340 779 1468 806 unum
1480 764 1484 818 Ι
1492 766 1783 816 protuleratque

203 824 350 874 pedem,
377 823 491 874 flebat
517 825 741 864 contrarius
769 822 929 863 auctor?
958 828 1032 863 etc.
1089 822 1274 861 Ceterum
1296 825 1355 861 est
1373 822 1546 860 notabile
1569 826 1781 873 patronum

192 891 367 929 ⁸quoque
396 878 635 929 Cynicorum
665 891 754 916 cum
782 878 900 916 laude
928 879 969 915 in
1009 878 1153 916 saturis
1182 877 1484 919 commemorari
1516 877 1576 914 10.
1593 888 1658 918 360
1686 876 1780 926 sq.4)

342 932 551 971 Sufficiant
585 945 644 981 ea,
679 945 781 983 quae
806 932 933 980 attuli,
967 935 1011 970 ut
1034 931 1270 970 Juvenalem
1300 944 1323 969 a
1351 928 1780 982 philosophiae'studio

207 987 382 1024 alienum
411 1000 488 1025 non
519 987 641 1025 fuisse
669 986 874 1037 probabile
911 987 991 1024 fiat.
1049 986 1131 1024 Nec
1161 990 1291 1024 tamen
1333 998 1400 1023 eos
1429 986 1535 1023 locos
1564 985 1780 1035 praeterire

208 1041 312 1087 licet,
360 1041 428 1079 ubi
475 1045 609 1080 noster
655 1041 769 1079 aliter
807 1041 982 1079 iudicare
1025 1040 1191 1079 videtur.
1248 1039 1437 1090 Legimus
1480 1039 1578 1078 haec
1625 1039 1682 1077 13.
1699 1050 1778 1081 120:

208 1095 355 1145 Accipe,
385 1107 484 1145 quae
508 1098 643 1135 contra
672 1095 798 1135 valeat
814 1095 954 1135 solatia
971 1095 1079 1146 ferre
1101 1092 1104 1146 f
1127 1095 1162 1134 is
1190 1095 1260 1144 qui
1286 1107 1354 1134 nec
1374 1093 1538 1144 Cynicos
1564 1106 1634 1133 nec
1651 1093 1780 1133 Stoica

208 1150 390 1199 doymata
430 1150 517 1200 leyit
547 1147 551 1201 Ι
583 1163 606 1188 a
637 1149 797 1199 Cynicis
830 1150 963 1189 tunica
992 1151 1195 1198 distantia,
1225 1162 1308 1188 non
1336 1149 1554 1198 Epicurum
1586 1146 1590 1199 Ι
1619 1148 1780 1199 suspicit

205 1203 339 1254 exiqui
358 1203 503 1242 laetum
517 1204 774 1253 plantaribus
796 1203 912 1243 horti.
954 1204 1015 1242 Ex
1034 1204 1095 1242 his
1116 1204 1295 1242 versibus
1315 1216 1566 1254 nequaquam
1586 1204 1776 1253 sequitur,

208 1262 251 1295 ut
279 1259 362 1309 ipse
383 1258 528 1309 scripta
547 1258 870 1309 philosophorum
895 1271 973 1296 non
993 1258 1134 1309 legerit
1153 1271 1281 1308 neque
1303 1257 1531 1308 cognoverit
1550 1257 1777 1295 discrimina

207 1317 415 1350 sectarum.
472 1312 607 1363 Fingit
626 1313 729 1350 enim
752 1313 878 1350 amico
900 1325 924 1350 a
943 1313 1012 1350 tali
1031 1313 1189 1350 homine
1209 1313 1393 1350 solatium
1413 1312 1558 1349 afferri.
1608 1311 1777 1361 Cynicos

207 1369 341 1403 autem
370 1378 393 1403 a
414 1365 554 1403 Stoicis
583 1378 663 1403 non
692 1366 850 1403 differre
879 1366 964 1403 iure
984 1366 1115 1403 dicere
1134 1366 1272 1415 potuit,
1303 1378 1393 1402 cum
1418 1365 1486 1402 illa
1505 1368 1634 1403 aetate
1655 1364 1778 1402 Stoici

205 1421 240 1459 et
267 1420 313 1459 in
342 1418 474 1458 aliena
502 1421 629 1459 castra
658 1420 825 1458 transire
855 1418 1072 1467 solerent.5)
1129 1419 1270 1470 Itaque
1304 1419 1401 1458 nihil
1435 1422 1505 1468 est,
1537 1432 1606 1458 cur
1630 1413 1679 1457 'ob
1709 1432 1777 1458 eos

206 1486 344 1512 versus
371 1473 608 1512 Juvenalem
638 1474 750 1524 parvi
773 1475 1001 1512 aestimasse
1034 1474 1324 1524 philosophiam
1354 1486 1568 1520 sumamus,
1598 1474 1776 1524 quando-

207 1528 367 1579 quidem
406 1540 532 1579 paene
576 1528 815 1567 contrarium
860 1529 1065 1579 sequentia
1090 1528 1227 1567 'verba
1255 1528 1409 1577 docent,
1451 1528 1592 1579 quibus
1627 1528 1777 1567 amicus

206 1597 295 1622 cum
326 1587 486 1633 aegroto
516 1583 675 1621 homine
705 1587 974 1634 comparatur:
1004 1597 1040 1621 v.
1076 1585 1151 1621 1-24

520 1661 709 1698 curentur
738 1658 850 1698 dubii
877 1659 1031 1699 medicis
1060 1658 1274 1698 maioribus
1302 1658 1421 1710 aeyri,

521 1716 564 1751 tu
592 1726 733 1752 venam
761 1714 817 1752 vel
847 1714 1035 1763 discipulo
1062 1714 1251 1752 committe
1280 1714 1471 1762 Philippi.

339 1842 375 1882 1)
400 1841 438 1875 In
464 1841 533 1874 hoc
558 1851 663 1874 versu
679 1842 830 1875 haerent
854 1843 921 1875 viri
945 1842 1156 1875 doctissimi.
1203 1842 1321 1875 Hirzel
1349 1842 1454 1881 (Dial.
1473 1842 1512 1875 11.
1537 1852 1570 1884 p.
1593 1842 1647 1881 63)
1673 1843 1709 1875 in
1734 1851 1775 1875 eo

204 1884 366 1924 offendit,
383 1884 479 1926 quod
495 1885 596 1917 iuxta
613 1885 851 1927 Chrysippum
867 1894 909 1918 ac
926 1885 1106 1918 Socratem
1123 1885 1253 1918 Thales
1268 1885 1446 1918 laudatur.
1492 1885 1618 1918 Jessen
1632 1884 1775 1925 (Philol.

205 1930 246 1961 47
264 1938 297 1970 p.
314 1928 392 1968 3⁴26)
415 1936 493 1961 eam
511 1927 764 1961 difficultatem
786 1928 912 1962 tollere
935 1928 1024 1969 vult,
1048 1938 1130 1962 cum
1145 1928 1319 1968 ,Cratetis‘
1336 1926 1470 1962 scribat
1485 1928 1668 1969 ‚Thaletis‘
1684 1928 1774 1962 loco.

204 1972 301 2013 Quae
319 1972 502 2005 conietura
518 1971 684 2013 quamvis
699 1972 778 2005 loco
794 1972 962 2013 expedire
978 1972 1154 2012 videatur,
1171 1981 1394 2014 supervacua
1409 1974 1472 2005 est.
1498 1972 1613 2005 Etiam
1630 1972 1774 2012 Seneca,

206 2015 269 2057 qui
293 2024 472 2048 summum
497 2014 657 2048 studium
691 2015 847 2048 navabat
875 2016 1125 2057 philosophiae
1150 2015 1325 2048 Zenonem
1360 2024 1432 2048 una
1465 2024 1546 2048 cum
1570 2014 1775 2057 Pythagora

204 2059 367 2092 nominat
390 2058 487 2092 brev.
512 2069 544 2091 v.
572 2061 648 2094 14.5.
693 2057 908 2092 Plutarchus
924 2059 980 2092 vir
999 2059 1250 2102 philosophiae
1272 2059 1556 2092 studiosissimus
1577 2058 1775 2101 Platonem,

205 2103 417 2144 Lycurgum,
436 2102 719 2144 Epaminondam
734 2102 929 2135 imitandos
945 2103 1110 2144 proponit
1126 2103 1215 2144 prof.
1240 2103 1321 2135 virt.
1347 2104 1397 2135 15.
1423 2104 1470 2144 (p.
1492 2104 1535 2135 84
1551 2102 1602 2142 F).
1648 2103 1774 2144 Itaque

203 2148 327 2179 noster
349 2146 459 2179 etiam
482 2146 531 2177 26
554 2154 575 2178 a
599 2145 706 2178 solita
727 2145 1022 2187 philosophorum
1043 2146 1200 2179 dictione
1224 2145 1323 2178 nullo
1349 2146 1453 2179 modo
1477 2145 1667 2187 discrepat,
1692 2155 1775 2179 cum

203 2190 351 2223 nomina
375 2188 565 2230 Chrysippi
598 2189 633 2221 et
653 2188 784 2222 Pittaci
800 2189 972 2231 sapientis
989 2190 1186 2231 componat.
1210 2189 1254 2222 cf.
1274 2188 1352 2222 Sen.
1378 2198 1431 2231 ep.
1449 2191 1507 2230 7.6,
1530 2191 1627 2230 64.1o,
1653 2190 1774 2231 104213

203 2232 296 2266 Plut.
313 2232 402 2275 prof.
419 2232 502 2266 virt.
519 2235 537 2266 6
554 2242 589 2274 p.
606 2234 648 2266 78
665 2232 699 2273 C,
716 2232 794 2266 util.
811 2233 859 2266 in.
879 2234 917 2265 11
933 2243 966 2275 p.
984 2232 1081 2266 92-Ε.
1128 2232 1314 2266 Thaletem
1331 2233 1522 2266 clementia
1539 2233 1775 2267 excellentem

203 2276 316 2309 fuisse
351 2276 538 2309 Juvenalis
572 2276 725 2308 fortasse
762 2276 798 2308 in
840 2276 1047 2309 collectione
1086 2276 1241 2318 quadam
1280 2276 1598 2317 apophtegmatum
1637 2278 1774 2318 septem

203 2319 665 2396 &iitinfiffilegeitt‘MZf'
682 2317 841 2396 stffik,
858 2319 1055 2396 {ilafistsssse
1071 2320 1222 2396 S‘fflit·
1235 2319 1321 2395 {1¹1}
1337 2320 1555 2397 ⁸31¹³³³³¹it³i¹¹¹¹¹
1573 2320 1774 2404 ⁰13¹{i0t3035

235 2372 253 2395 r
292 2372 348 2396 1s.
461 2388 468 2395 .
558 2387 567 2395 .
640 2372 713 2403 yer,
813 2372 858 2396 an
900 2388 908 2395 .
958 2389 966 2396 .
1029 2372 1080 2405 yr.
1143 2372 1210 2396 ἀ.
1316 2389 1323 2396 .
1387 2373 1451 2396 ms
1488 2389 1498 2405 ,
1522 2373 1572 2405 gr.
1618 2373 1630 2396 1
1665 2389 1671 2395 .

201 2405 350 2445 Teuffel,
376 2405 501 2440 Gesch.
526 2406 559 2439 d.
583 2416 612 2439 r.
639 2406 673 2439 L.
698 2406 716 2446 ξ
741 2408 815 2439 421.

334 2449 367 2490 2)
392 2449 436 2483 cf.
450 2448 528 2483 Sen.
546 2449 590 2483 de
607 2452 719 2483 const.
739 2450 788 2483 13.
799 2461 825 2486 5.
871 2450 1097 2492 Respiciamus
1123 2460 1235 2482 eorum
1265 2451 1412 2492 exempla
1440 2461 1578 2492 quorum
1600 2451 1774 2484 laudamus

199 2493 402 2533 patientiam
434 2495 476 2526 ut
507 2493 651 2527 Socratis
684 2495 750 2527 etc.
804 2504 837 2527 v.
876 2496 935 2528 186
970 2493 1150 2536 praeclare
1190 2494 1449 2536 interpretatus
1483 2496 1538 2528 est
1573 2496 1612 2528 A.
1638 2495 1773 2529 Gercke

201 2534 331 2575 (Goett.
355 2536 423 2577 gel.
446 2538 533 2570 Anz.
560 2538 652 2570 1896.
675 2547 711 2579 p.
734 2538 823 2577 973).

234 2583 240 2589 ·
332 2579 366 2619 3)
390 2579 433 2612 cf.
451 2580 595 2613 Lucian.
612 2589 701 2614 sacr.
719 2580 775 2622 153
800 2581 871 2615 Sot.
888 2590 941 2622 ap.
959 2580 1054 2614 Stob.
1071 2581 1123 2613 20.
1135 2584 1167 2610 53
1191 2580 1248 2622 (Η.
1271 2591 1304 2622 p.
1329 2581 1425 2623 550);
1449 2581 1527 2615 Seu.
1551 2582 1592 2615 ir.
1616 2582 1659 2615 ΙΙ.
1685 2584 1734 2615 10.
1746 2593 1773 2618 5.

331 2623 367 2661 4)
391 2633 425 2655 v.
449 2622 581 2665 Mayor,
606 2625 645 2658 13
663 2625 790 2658 satires
806 2624 846 2658 of
858 2623 1013 2658 Juvenal
1030 2623 1195 2657 Londinii
1221 2626 1303 2658 1872
1322 2624 1353 2657 11
1368 2635 1401 2667 p.
1421 2627 1492 2658 175.
1538 2626 1583 2659 cf.
1612 2634 1688 2668 cap.
1715 2626 1772 2660 IX.

226 2708 233 2715 .
332 2666 366 2706 5)
389 2665 468 2699 Sen.
504 2677 558 2709 ep.
591 2669 649 2704 2.5.
694 2668 811 2701 Etiam
842 2668 962 2701 Bionis
1002 2667 1130 2707 verbiS,
1166 2668 1228 2709 qui
1262 2669 1495 2702 vehementer
1528 2679 1609 2702 cum
1644 2669 1772 2703 Stoicis

204 2709 342 2742 rixatus
377 2718 455 2743 esse
489 2710 604 2745 fertur
628 2711 771 2752 (Hense.
807 2712 878 2746 Tel.
917 2711 1011 2752 LIII;
1045 2711 1084 2744 R.
1122 2711 1264 2751 Heinze,
1299 2712 1344 2745 de
1369 2713 1514 2746 Horatio
1549 2713 1591 2746 B.
1621 2713 1681 2747 im.
1705 2714 1772 2754 30),

199 2751 334 2786 Seneca
357 2754 585 2795 quaestiones
602 2764 685 2789 suas
702 2765 773 2789 non
797 2755 908 2789 semel
930 2756 1088 2789 illustrat
1103 2755 1190 2795 (Tel.
1214 2756 1270 2789 ed.
1287 2756 1415 2798 Hense,
1438 2757 1512 2789 ind.
1535 2756 1633 2790 Bion.
1649 2768 1682 2799 p.
1700 2758 1771 2798 92);
1839 2761 1843 2764 '
