<?xml version="1.0" encoding="UTF-8"?>
<!DOCTYPE html PUBLIC "-//W3C//DTD XHTML 1.0 Transitional//EN"
    "http://www.w3.org/TR/xhtml1/DTD/xhtml1-transitional.dtd">
<html xmlns="http://www.w3.org/1999/xhtml" xml:lang="en" lang="en">
 <head>
  <title>
</title>
<meta http-equiv="Content-Type" content="text/html;charset=utf-8" />
  <meta name='ocr-system' content='tesseract 3.04.00' />
  <meta name='ocr-capabilities' content='ocr_page ocr_carea ocr_par ocr_line ocrx_word'/>
</head>
<body>
  <div class='ocr_page' id='page_1' title='image "4737894_0033.png"; bbox 0 0 1980 3097; ppageno 0'>
   <div class='ocr_carea' id='block_1_1' title="bbox 860 191 1103 228">
    <p class='ocr_par' dir='ltr' id='par_1_1' title="bbox 860 191 1103 228">
     <span class='ocr_line' id='line_1_1' title="bbox 860 191 1103 228; baseline -0.008 -11"><span class='ocrx_word' id='word_1_1' title='bbox 860 191 1103 228; x_wconf 76' lang='lat'><em>—19--</em></span> 
     </span>
    </p>
   </div>
   <div class='ocr_carea' id='block_1_2' title="bbox 194 318 1763 631">
    <p class='ocr_par' dir='ltr' id='par_1_2' title="bbox 194 318 1763 631">
     <span class='ocr_line' id='line_1_2' title="bbox 199 318 1763 371; baseline 0.001 -16"><span class='ocrx_word' id='word_1_2' title='bbox 199 329 225 356; x_wconf 92' lang='lat' dir='ltr'><em>a</em></span> <span class='ocrx_word' id='word_1_3' title='bbox 239 330 358 367; x_wconf 79' lang='lat' dir='ltr'><em>coquo</em></span> <span class='ocrx_word' id='word_1_4' title='bbox 371 318 526 368; x_wconf 74' lang='lat' dir='ltr'><em>exeat,¹)</em></span> <span class='ocrx_word' id='word_1_5' title='bbox 541 331 619 368; x_wconf 78' lang='lat' dir='ltr'><em>qua</em></span> <span class='ocrx_word' id='word_1_6' title='bbox 634 318 819 359; x_wconf 80' lang='lat' dir='ltr'><em>celeritate</em></span> <span class='ocrx_word' id='word_1_7' title='bbox 832 320 950 371; x_wconf 74' lang='lat' dir='ltr'><em>siyno</em></span> <span class='ocrx_word' id='word_1_8' title='bbox 964 320 1053 358; x_wconf 89' lang='lat' dir='ltr'><em>dato</em></span> <span class='ocrx_word' id='word_1_9' title='bbox 1063 319 1193 370; x_wconf 63' lang='lat' dir='ltr'><em>glabri</em></span> <span class='ocrx_word' id='word_1_10' title='bbox 1207 321 1259 359; x_wconf 87' lang='lat' dir='ltr'><em>ad</em></span> <span class='ocrx_word' id='word_1_11' title='bbox 1278 319 1503 359; x_wconf 82' lang='lat' dir='ltr'><em>ministeria</em></span> <span class='ocrx_word' id='word_1_12' title='bbox 1522 318 1763 366; x_wconf 79' lang='lat' dir='ltr'><strong><em>discurrant,</em></strong></span> 
     </span>
     <span class='ocr_line' id='line_1_3' title="bbox 197 373 1761 424; baseline 0 -14"><span class='ocrx_word' id='word_1_13' title='bbox 197 374 353 422; x_wconf 76' lang='lat' dir='ltr'><em>quanta</em></span> <span class='ocrx_word' id='word_1_14' title='bbox 381 375 464 413; x_wconf 83' lang='lat' dir='ltr'><em>arte</em></span> <span class='ocrx_word' id='word_1_15' title='bbox 489 373 724 413; x_wconf 79' lang='lat' dir='ltr'><em>scindantur</em></span> <span class='ocrx_word' id='word_1_16' title='bbox 752 386 838 413; x_wconf 87' lang='lat' dir='ltr'><em>aves</em></span> <span class='ocrx_word' id='word_1_17' title='bbox 877 374 922 413; x_wconf 90' lang='lat' dir='ltr'><em>in</em></span> <span class='ocrx_word' id='word_1_18' title='bbox 948 373 1079 423; x_wconf 78' lang='lat' dir='ltr'><em>frusta</em></span> <span class='ocrx_word' id='word_1_19' title='bbox 1118 386 1202 413; x_wconf 86' lang='lat' dir='ltr'><em>non</em></span> <span class='ocrx_word' id='word_1_20' title='bbox 1228 373 1407 414; x_wconf 79' lang='lat' dir='ltr'><em>enormia</em></span> <span class='ocrx_word' id='word_1_21' title='bbox 1442 386 1521 424; x_wconf 92' lang='lat' dir='ltr'><em>eqs.</em></span> <span class='ocrx_word' id='word_1_22' title='bbox 1553 386 1612 424; x_wconf 89' lang='lat' dir='ltr'><em>ep.</em></span> <span class='ocrx_word' id='word_1_23' title='bbox 1643 373 1761 414; x_wconf 83' lang='grc'>47.6;</span> 
     </span>
     <span class='ocr_line' id='line_1_4' title="bbox 199 425 1761 478; baseline 0.001 -13"><span class='ocrx_word' id='word_1_24' title='bbox 199 425 362 476; x_wconf 76' lang='lat' dir='ltr'><em>Infelioe,</em></span> <span class='ocrx_word' id='word_1_25' title='bbox 384 427 453 476; x_wconf 78' lang='lat' dir='ltr'><em>qui</em></span> <span class='ocrx_word' id='word_1_26' title='bbox 472 427 563 467; x_wconf 74' lang='lat' dir='ltr'><em>haic</em></span> <span class='ocrx_word' id='word_1_27' title='bbox 581 428 656 467; x_wconf 81' lang='lat' dir='ltr'><em>uni</em></span> <span class='ocrx_word' id='word_1_28' title='bbox 674 428 733 467; x_wconf 88' lang='lat' dir='ltr'><em>rei</em></span> <span class='ocrx_word' id='word_1_29' title='bbox 751 428 857 478; x_wconf 82' lang='lat' dir='ltr'><em>vivit,</em></span> <span class='ocrx_word' id='word_1_30' title='bbox 878 431 922 467; x_wconf 83' lang='lat' dir='ltr'><em>ut</em></span> <span class='ocrx_word' id='word_1_31' title='bbox 938 428 1068 467; x_wconf 82' lang='lat' dir='ltr'><em>altilia</em></span> <span class='ocrx_word' id='word_1_32' title='bbox 1087 428 1262 467; x_wconf 84' lang='lat' dir='ltr'><em>decenter</em></span> <span class='ocrx_word' id='word_1_33' title='bbox 1278 431 1369 467; x_wconf 83' lang='lat' dir='ltr'><em>secet</em></span> <span class='ocrx_word' id='word_1_34' title='bbox 1387 428 1503 474; x_wconf 79' lang='lat' dir='ltr'><em>etc.2)</em></span> <span class='ocrx_word' id='word_1_35' title='bbox 1564 441 1624 478; x_wconf 87' lang='lat' dir='ltr'><em>ep.</em></span> <span class='ocrx_word' id='word_1_36' title='bbox 1643 428 1706 466; x_wconf 85' lang='lat'><em>95.</em></span> <span class='ocrx_word' id='word_1_37' title='bbox 1719 435 1761 468; x_wconf 81' lang='lat'><em>23</em></span> 
     </span>
     <span class='ocr_line' id='line_1_5' title="bbox 199 479 1763 532; baseline -0.001 -12"><span class='ocrx_word' id='word_1_38' title='bbox 199 479 346 531; x_wconf 76' lang='lat' dir='ltr'><em>coquos</em></span> <span class='ocrx_word' id='word_1_39' title='bbox 373 494 551 523; x_wconf 82' lang='lat' dir='ltr'><em>numera.</em></span> <span class='ocrx_word' id='word_1_40' title='bbox 610 481 738 522; x_wconf 84' lang='lat' dir='ltr'><em>Cessat</em></span> <span class='ocrx_word' id='word_1_41' title='bbox 764 495 876 522; x_wconf 85' lang='lat' dir='ltr'><em>omne</em></span> <span class='ocrx_word' id='word_1_42' title='bbox 907 483 1080 522; x_wconf 78' lang='lat' dir='ltr'><em>studium</em></span> <span class='ocrx_word' id='word_1_43' title='bbox 1104 484 1140 521; x_wconf 89' lang='lat' dir='ltr'><em>et</em></span> <span class='ocrx_word' id='word_1_44' title='bbox 1167 482 1345 522; x_wconf 83' lang='lat' dir='ltr'><em>liberalia</em></span> <span class='ocrx_word' id='word_1_45' title='bbox 1370 482 1536 532; x_wconf 78' lang='lat' dir='ltr'><strong><em>professi</em></strong></span> <span class='ocrx_word' id='word_1_46' title='bbox 1566 482 1652 522; x_wconf 84' lang='lat' dir='ltr'><em>sine</em></span> <span class='ocrx_word' id='word_1_47' title='bbox 1680 480 1763 521; x_wconf 82' lang='lat' dir='ltr'><em>ullo</em></span> 
     </span>
     <span class='ocr_line' id='line_1_6' title="bbox 195 535 1760 586; baseline -0.001 -12"><span class='ocrx_word' id='word_1_48' title='bbox 195 535 417 585; x_wconf 78' lang='lat' dir='ltr'><em>frequentia</em></span> <span class='ocrx_word' id='word_1_49' title='bbox 437 537 590 576; x_wconf 78' lang='lat' dir='ltr'><em>desertis</em></span> <span class='ocrx_word' id='word_1_50' title='bbox 609 537 767 586; x_wconf 60' lang='lat' dir='ltr'><em>angulis</em></span> <span class='ocrx_word' id='word_1_51' title='bbox 789 537 1025 585; x_wconf 79' lang='lat' dir='ltr'><em>praesident.</em></span> <span class='ocrx_word' id='word_1_52' title='bbox 1082 536 1136 575; x_wconf 89' lang='lat' dir='ltr'><em>In</em></span> <span class='ocrx_word' id='word_1_53' title='bbox 1155 537 1354 575; x_wconf 83' lang='lat' dir='ltr'><em>rhetorum</em></span> <span class='ocrx_word' id='word_1_54' title='bbox 1373 549 1418 575; x_wconf 87' lang='lat' dir='ltr'><em>ac</em></span> <span class='ocrx_word' id='word_1_55' title='bbox 1440 535 1760 585; x_wconf 75' lang='lat' dir='ltr'><em>philosophorum</em></span> 
     </span>
     <span class='ocr_line' id='line_1_7' title="bbox 194 589 1010 631; baseline 0 -3"><span class='ocrx_word' id='word_1_56' title='bbox 194 589 334 629; x_wconf 85' lang='lat' dir='ltr'><em>scholis</em></span> <span class='ocrx_word' id='word_1_57' title='bbox 360 590 526 629; x_wconf 78' lang='lat' dir='ltr'><em>solitudo</em></span> <span class='ocrx_word' id='word_1_58' title='bbox 553 592 617 630; x_wconf 89' lang='lat' dir='ltr'><em>est.</em></span> <span class='ocrx_word' id='word_1_59' title='bbox 675 590 724 628; x_wconf 87' lang='lat' dir='ltr'><em>cf.</em></span> <span class='ocrx_word' id='word_1_60' title='bbox 754 590 781 628; x_wconf 84' lang='lat' dir='ltr'><strong>J</strong></span> <span class='ocrx_word' id='word_1_61' title='bbox 785 602 845 628; x_wconf 81' lang='lat' dir='ltr'><em>uv.</em></span> <span class='ocrx_word' id='word_1_62' title='bbox 877 591 913 628; x_wconf 85' lang='lat'><em>7.</em></span> <span class='ocrx_word' id='word_1_63' title='bbox 932 600 1010 631; x_wconf 87' lang='lat'>184:</span> 
     </span>
    </p>
   </div>
   <div class='ocr_carea' id='block_1_3' title="bbox 456 666 1493 877">
    <p class='ocr_par' dir='ltr' id='par_1_3' title="bbox 456 666 1493 770">
     <span class='ocr_line' id='line_1_8' title="bbox 458 666 1493 715; baseline -0.001 -10"><span class='ocrx_word' id='word_1_64' title='bbox 458 666 768 715; x_wconf 76' lang='lat' dir='ltr'><em>Quanticamque</em></span> <span class='ocrx_word' id='word_1_65' title='bbox 795 666 942 714; x_wconf 80' lang='lat' dir='ltr'><em>domus,</em></span> <span class='ocrx_word' id='word_1_66' title='bbox 971 666 1095 704; x_wconf 81' lang='lat' dir='ltr'><em>veniet</em></span> <span class='ocrx_word' id='word_1_67' title='bbox 1120 666 1191 714; x_wconf 77' lang='lat' dir='ltr'><em>qui</em></span> <span class='ocrx_word' id='word_1_68' title='bbox 1216 666 1364 714; x_wconf 76' lang='lat' dir='ltr'><em>fercula</em></span> <span class='ocrx_word' id='word_1_69' title='bbox 1393 667 1493 705; x_wconf 87' lang='lat' dir='ltr'><em>docte</em></span> 
     </span>
     <span class='ocr_line' id='line_1_9' title="bbox 456 718 1379 770; baseline 0 -11"><span class='ocrx_word' id='word_1_70' title='bbox 456 722 669 770; x_wconf 74' lang='lat' dir='ltr'><em>componat,</em></span> <span class='ocrx_word' id='word_1_71' title='bbox 699 720 823 758; x_wconf 85' lang='lat' dir='ltr'><em>veniet</em></span> <span class='ocrx_word' id='word_1_72' title='bbox 849 719 918 768; x_wconf 70' lang='lat' dir='ltr'><em>qm?</em></span> <span class='ocrx_word' id='word_1_73' title='bbox 940 718 1211 769; x_wconf 76' lang='lat' dir='ltr'><em>pulmentaria</em></span> <span class='ocrx_word' id='word_1_74' title='bbox 1238 720 1379 760; x_wconf 86' lang='lat' dir='ltr'><em>condit.</em></span> 
     </span>
    </p>

    <p class='ocr_par' dir='ltr' id='par_1_4' title="bbox 457 774 1361 823">
     <span class='ocr_line' id='line_1_10' title="bbox 457 774 1361 823; baseline 0 -10"><span class='ocrx_word' id='word_1_75' title='bbox 457 774 541 814; x_wconf 86' lang='lat' dir='ltr'><em>Hos</em></span> <span class='ocrx_word' id='word_1_76' title='bbox 569 774 672 813; x_wconf 89' lang='lat' dir='ltr'><em>inter</em></span> <span class='ocrx_word' id='word_1_77' title='bbox 698 776 873 823; x_wconf 78' lang='lat' dir='ltr'><em>sumptus</em></span> <span class='ocrx_word' id='word_1_78' title='bbox 899 774 1069 813; x_wconf 80' lang='lat' dir='ltr'><em>sestertia</em></span> <span class='ocrx_word' id='word_1_79' title='bbox 1097 774 1361 822; x_wconf 74' lang='lat' dir='ltr'><em>Quintiliano,</em></span> 
     </span>
    </p>

    <p class='ocr_par' dir='ltr' id='par_1_5' title="bbox 457 827 1085 877">
     <span class='ocr_line' id='line_1_11' title="bbox 457 827 1085 877; baseline 0 -11"><span class='ocrx_word' id='word_1_80' title='bbox 457 834 501 866; x_wconf 86' lang='lat' dir='ltr'><em>ut</em></span> <span class='ocrx_word' id='word_1_81' title='bbox 528 828 706 877; x_wconf 81' lang='lat' dir='ltr'><em>multum,</em></span> <span class='ocrx_word' id='word_1_82' title='bbox 736 828 814 866; x_wconf 81' lang='lat' dir='ltr'><em>duo</em></span> <span class='ocrx_word' id='word_1_83' title='bbox 839 827 1085 877; x_wconf 76' lang='lat' dir='ltr'><em>sufficient-3)</em></span> 
     </span>
    </p>
   </div>
   <div class='ocr_carea' id='block_1_4' title="bbox 189 903 1758 1607">
    <p class='ocr_par' dir='ltr' id='par_1_6' title="bbox 189 903 1758 1327">
     <span class='ocr_line' id='line_1_12' title="bbox 325 903 1758 956; baseline 0.001 -15"><span class='ocrx_word' id='word_1_84' title='bbox 325 903 476 941; x_wconf 86' lang='lat' dir='ltr'><em>Pueros</em></span> <span class='ocrx_word' id='word_1_85' title='bbox 495 903 574 942; x_wconf 87' lang='lat' dir='ltr'><em>iam</em></span> <span class='ocrx_word' id='word_1_86' title='bbox 595 907 633 941; x_wconf 91' lang='lat' dir='ltr'><em>et</em></span> <span class='ocrx_word' id='word_1_87' title='bbox 652 903 965 942; x_wconf 87' lang='lat' dir='ltr'><em>adulescentulos</em></span> <span class='ocrx_word' id='word_1_88' title='bbox 987 917 1109 955; x_wconf 89' lang='lat' dir='ltr'><em>pravo</em></span> <span class='ocrx_word' id='word_1_89' title='bbox 1133 908 1341 956; x_wconf 86' lang='lat' dir='ltr'><em>parentum</em></span> <span class='ocrx_word' id='word_1_90' title='bbox 1361 905 1540 956; x_wconf 82' lang='lat' dir='ltr'><em>exemplo</em></span> <span class='ocrx_word' id='word_1_91' title='bbox 1556 908 1758 955; x_wconf 88' lang='lat' dir='ltr'><em>corruptos</em></span> 
     </span>
     <span class='ocr_line' id='line_1_13' title="bbox 194 957 1758 998; baseline 0.001 -2"><span class='ocrx_word' id='word_1_92' title='bbox 194 957 355 998; x_wconf 87' lang='lat' dir='ltr'><em>easdem</em></span> <span class='ocrx_word' id='word_1_93' title='bbox 401 964 505 997; x_wconf 86' lang='lat' dir='ltr'><em>artes</em></span> <span class='ocrx_word' id='word_1_94' title='bbox 562 959 698 997; x_wconf 87' lang='lat' dir='ltr'><em>mirari</em></span> <span class='ocrx_word' id='word_1_95' title='bbox 754 959 904 997; x_wconf 84' lang='lat' dir='ltr'><em>discere</em></span> <span class='ocrx_word' id='word_1_96' title='bbox 957 959 1135 997; x_wconf 85' lang='lat' dir='ltr'><em>similiter</em></span> <span class='ocrx_word' id='word_1_97' title='bbox 1180 972 1225 997; x_wconf 85' lang='lat' dir='ltr'><em>ae</em></span> <span class='ocrx_word' id='word_1_98' title='bbox 1273 959 1478 997; x_wconf 80' lang='lat' dir='ltr'><em>Juvenalis</em></span> <span class='ocrx_word' id='word_1_99' title='bbox 1523 959 1758 997; x_wconf 81' lang='lat' dir='ltr'><em>Plutarchus</em></span> 
     </span>
     <span class='ocr_line' id='line_1_14' title="bbox 193 1013 1758 1065; baseline 0 -14"><span class='ocrx_word' id='word_1_100' title='bbox 193 1016 426 1063; x_wconf 83' lang='lat' dir='ltr'><em>personatus</em></span> <span class='ocrx_word' id='word_1_101' title='bbox 442 1013 694 1063; x_wconf 86' lang='lat' dir='ltr'><em>conqueritur</em></span> <span class='ocrx_word' id='word_1_102' title='bbox 709 1013 768 1051; x_wconf 87' lang='lat' dir='ltr'><em>ed.</em></span> <span class='ocrx_word' id='word_1_103' title='bbox 785 1026 893 1064; x_wconf 88' lang='lat' dir='ltr'><em>puer.</em></span> <span class='ocrx_word' id='word_1_104' title='bbox 916 1026 999 1063; x_wconf 83' lang='lat' dir='ltr'><em>cap.</em></span> <span class='ocrx_word' id='word_1_105' title='bbox 1024 1014 1045 1050; x_wconf 90' lang='grc'>7</span> <span class='ocrx_word' id='word_1_106' title='bbox 1062 1014 1154 1051; x_wconf 80' lang='grc' dir='ltr'>ὅταν</span> <span class='ocrx_word' id='word_1_107' title='bbox 1172 1015 1248 1065; x_wconf 85' lang='grc' dir='ltr'><em>γὰρ</em></span> <span class='ocrx_word' id='word_1_108' title='bbox 1266 1014 1319 1059; x_wconf 86' lang='grc' dir='ltr'><em>εἰς</em></span> <span class='ocrx_word' id='word_1_109' title='bbox 1339 1013 1486 1065; x_wconf 82' lang='grc' dir='ltr'>ἄνδρας</span> <span class='ocrx_word' id='word_1_110' title='bbox 1501 1013 1758 1065; x_wconf 75' lang='grc' dir='ltr'>ἐγγραφέντες</span> 
     </span>
     <span class='ocr_line' id='line_1_15' title="bbox 192 1067 1757 1119; baseline 0.001 -14"><span class='ocrx_word' id='word_1_111' title='bbox 192 1072 261 1105; x_wconf 85' lang='grc' dir='ltr'><em>τοῦ</em></span> <span class='ocrx_word' id='word_1_112' title='bbox 298 1067 366 1118; x_wconf 86' lang='grc' dir='ltr'><em>μὲν</em></span> <span class='ocrx_word' id='word_1_113' title='bbox 395 1067 628 1118; x_wconf 81' lang='grc' dir='ltr'>ὑγιαίνοντος</span> <span class='ocrx_word' id='word_1_114' title='bbox 657 1068 725 1105; x_wconf 75' lang='grc' dir='ltr'><em>καὶ</em></span> <span class='ocrx_word' id='word_1_115' title='bbox 752 1067 988 1119; x_wconf 77' lang='grc' dir='ltr'>τεταγμένου</span> <span class='ocrx_word' id='word_1_116' title='bbox 1022 1068 1104 1119; x_wconf 80' lang='grc' dir='ltr'>βίου</span> <span class='ocrx_word' id='word_1_117' title='bbox 1141 1067 1473 1119; x_wconf 79' lang='grc' dir='ltr'>καταμελήσωσιν</span> <span class='ocrx_word' id='word_1_118' title='bbox 1501 1099 1507 1106; x_wconf 94' lang='grc'>.</span> <span class='ocrx_word' id='word_1_119' title='bbox 1537 1099 1544 1106; x_wconf 93' lang='grc'>.</span> <span class='ocrx_word' id='word_1_120' title='bbox 1574 1099 1581 1106; x_wconf 96' lang='grc'>.</span> <span class='ocrx_word' id='word_1_121' title='bbox 1611 1099 1618 1105; x_wconf 96' lang='grc'>.</span> <span class='ocrx_word' id='word_1_122' title='bbox 1650 1068 1684 1106; x_wconf 85' lang='grc' dir='ltr'><em>οἱ</em></span> <span class='ocrx_word' id='word_1_123' title='bbox 1714 1068 1757 1105; x_wconf 85' lang='grc' dir='ltr'><em>δὲ</em></span> 
     </span>
     <span class='ocr_line' id='line_1_16' title="bbox 193 1121 1757 1173; baseline 0.001 -15"><span class='ocrx_word' id='word_1_124' title='bbox 193 1121 549 1172; x_wconf 79' lang='grc' dir='ltr'>κατοψοφαγοῦσιν.</span> <span class='ocrx_word' id='word_1_125' title='bbox 608 1122 657 1160; x_wconf 87' lang='lat' dir='ltr'><em>cf.</em></span> <span class='ocrx_word' id='word_1_126' title='bbox 698 1122 796 1160; x_wconf 91' lang='lat' dir='ltr'><em>Mus.</em></span> <span class='ocrx_word' id='word_1_127' title='bbox 838 1135 898 1173; x_wconf 91' lang='lat' dir='ltr'><em>ep.</em></span> <span class='ocrx_word' id='word_1_128' title='bbox 943 1122 992 1160; x_wconf 88' lang='lat' dir='ltr'><em>ad</em></span> <span class='ocrx_word' id='word_1_129' title='bbox 1035 1122 1175 1161; x_wconf 87' lang='lat' dir='ltr'><em>Pancr.</em></span> <span class='ocrx_word' id='word_1_130' title='bbox 1207 1125 1231 1160; x_wconf 84' lang='lat'>4</span> <span class='ocrx_word' id='word_1_131' title='bbox 1262 1152 1269 1159; x_wconf 90' lang='lat'><strong>.</strong></span> <span class='ocrx_word' id='word_1_132' title='bbox 1303 1153 1311 1160; x_wconf 94' lang='lat'><strong>.</strong></span> <span class='ocrx_word' id='word_1_133' title='bbox 1345 1153 1352 1160; x_wconf 95' lang='lat'><strong>.</strong></span> <span class='ocrx_word' id='word_1_134' title='bbox 1383 1152 1393 1160; x_wconf 86' lang='lat'><strong>.</strong></span> <span class='ocrx_word' id='word_1_135' title='bbox 1425 1123 1567 1173; x_wconf 83' lang='grc' dir='ltr'>ἀρετῆς</span> <span class='ocrx_word' id='word_1_136' title='bbox 1611 1122 1653 1160; x_wconf 85' lang='grc' dir='ltr'><em>δὲ</em></span> <span class='ocrx_word' id='word_1_137' title='bbox 1688 1122 1757 1159; x_wconf 77' lang='grc' dir='ltr'><em>καὶ</em></span> 
     </span>
     <span class='ocr_line' id='line_1_17' title="bbox 193 1176 1757 1227; baseline 0.001 -14"><span class='ocrx_word' id='word_1_138' title='bbox 193 1176 494 1226; x_wconf 75' lang='grc' dir='ltr'>εὐσχημοσύνης</span> <span class='ocrx_word' id='word_1_139' title='bbox 541 1176 622 1227; x_wconf 80' lang='grc' dir='ltr'>βίου</span> <span class='ocrx_word' id='word_1_140' title='bbox 677 1177 986 1227; x_wconf 77' lang='grc' dir='ltr'>ἀντιποιούμενος</span> <span class='ocrx_word' id='word_1_141' title='bbox 1033 1178 1105 1214; x_wconf 82' lang='grc' dir='ltr'><em>οὐκ</em></span> <span class='ocrx_word' id='word_1_142' title='bbox 1150 1178 1196 1214; x_wconf 81' lang='grc' dir='ltr'><em>ἂν</em></span> <span class='ocrx_word' id='word_1_143' title='bbox 1244 1176 1479 1226; x_wconf 65' lang='grc' dir='ltr'>ἐθελήσειας</span> <span class='ocrx_word' id='word_1_144' title='bbox 1526 1177 1621 1227; x_wconf 80' lang='grc' dir='ltr'>ὁρᾶν</span> <span class='ocrx_word' id='word_1_145' title='bbox 1669 1178 1757 1221; x_wconf 86' lang='grc' dir='ltr'>τοὺς</span> 
     </span>
     <span class='ocr_line' id='line_1_18' title="bbox 194 1228 1753 1281; baseline 0 -14"><span class='ocrx_word' id='word_1_146' title='bbox 194 1236 361 1267; x_wconf 84' lang='grc' dir='ltr'>σεαυτοῦ</span> <span class='ocrx_word' id='word_1_147' title='bbox 403 1230 547 1276; x_wconf 81' lang='grc' dir='ltr'>παῖδας</span> <span class='ocrx_word' id='word_1_148' title='bbox 589 1231 798 1276; x_wconf 76' lang='grc' dir='ltr'>εὐτάκτους</span> <span class='ocrx_word' id='word_1_149' title='bbox 842 1231 921 1281; x_wconf 59' lang='grc' dir='ltr'><em>μὲν,</em></span> <span class='ocrx_word' id='word_1_150' title='bbox 953 1231 992 1269; x_wconf 89' lang='grc' dir='ltr'><em>ἐν</em></span> <span class='ocrx_word' id='word_1_151' title='bbox 1037 1231 1201 1276; x_wconf 79' lang='grc' dir='ltr'>ἐδωδαῖς</span> <span class='ocrx_word' id='word_1_152' title='bbox 1249 1232 1317 1268; x_wconf 78' lang='grc' dir='ltr'><em>καὶ</em></span> <span class='ocrx_word' id='word_1_153' title='bbox 1369 1230 1510 1269; x_wconf 81' lang='grc' dir='ltr'>πόσεσι</span> <span class='ocrx_word' id='word_1_154' title='bbox 1547 1244 1583 1268; x_wconf 77' lang='grc' dir='ltr'>κ.</span> <span class='ocrx_word' id='word_1_155' title='bbox 1615 1243 1646 1268; x_wconf 90' lang='grc' dir='ltr'><em>τ.</em></span> <span class='ocrx_word' id='word_1_156' title='bbox 1677 1228 1753 1278; x_wconf 57' lang='lat' dir='ltr'><em>M)</em></span> 
     </span>
     <span class='ocr_line' id='line_1_19' title="bbox 189 1282 436 1327; baseline 0 -6"><span class='ocrx_word' id='word_1_157' title='bbox 189 1282 282 1322; x_wconf 83' lang='lat' dir='ltr'><em>Juv.</em></span> <span class='ocrx_word' id='word_1_158' title='bbox 316 1284 436 1327; x_wconf 86' lang='grc'>14.1()</span> 
     </span>
    </p>

    <p class='ocr_par' dir='ltr' id='par_1_7' title="bbox 463 1340 1525 1607">
     <span class='ocr_line' id='line_1_20' title="bbox 751 1340 1208 1387; baseline 0.002 -11"><span class='ocrx_word' id='word_1_159' title='bbox 751 1351 837 1377; x_wconf 82' lang='lat' dir='ltr'><em>cum</em></span> <span class='ocrx_word' id='word_1_160' title='bbox 863 1340 1047 1387; x_wconf 80' lang='lat' dir='ltr'><em>septimus</em></span> <span class='ocrx_word' id='word_1_161' title='bbox 1073 1350 1208 1377; x_wconf 82' lang='lat' dir='ltr'><em>annus</em></span> 
     </span>
     <span class='ocr_line' id='line_1_21' title="bbox 467 1391 1525 1443; baseline 0 -13"><span class='ocrx_word' id='word_1_162' title='bbox 467 1391 671 1431; x_wconf 84' lang='lat' dir='ltr'><em>transierit</em></span> <span class='ocrx_word' id='word_1_163' title='bbox 692 1405 875 1443; x_wconf 78' lang='lat' dir='ltr'><em>puerum,</em></span> <span class='ocrx_word' id='word_1_164' title='bbox 904 1392 1083 1432; x_wconf 79' lang='lat' dir='ltr'><em>nond-um</em></span> <span class='ocrx_word' id='word_1_165' title='bbox 1112 1392 1221 1432; x_wconf 84' lang='lat' dir='ltr'><em>omni</em></span> <span class='ocrx_word' id='word_1_166' title='bbox 1248 1392 1359 1432; x_wconf 88' lang='lat' dir='ltr'><em>dente</em></span> <span class='ocrx_word' id='word_1_167' title='bbox 1387 1394 1525 1432; x_wconf 83' lang='lat' dir='ltr'><em>renato</em></span> 
     </span>
     <span class='ocr_line' id='line_1_22' title="bbox 467 1496 1389 1550; baseline 0 -11"><span class='ocrx_word' id='word_1_168' title='bbox 467 1530 759 1539; x_wconf 92' lang='grc'><strong>........</strong></span> <span class='ocrx_word' id='word_1_169' title='bbox 789 1503 915 1550; x_wconf 75' lang='lat' dir='ltr'><em>cupiet</em></span> <span class='ocrx_word' id='word_1_170' title='bbox 943 1501 1050 1540; x_wconf 81' lang='lat' dir='ltr'><em>lauto</em></span> <span class='ocrx_word' id='word_1_171' title='bbox 1078 1513 1214 1540; x_wconf 80' lang='lat' dir='ltr'><em>cenare</em></span> <span class='ocrx_word' id='word_1_172' title='bbox 1241 1496 1389 1550; x_wconf 78' lang='lat' dir='ltr'><em>paratu</em></span> 
     </span>
     <span class='ocr_line' id='line_1_23' title="bbox 463 1555 1441 1607; baseline 0 -12"><span class='ocrx_word' id='word_1_173' title='bbox 463 1568 608 1605; x_wconf 78' lang='lat' dir='ltr'><em>semper</em></span> <span class='ocrx_word' id='word_1_174' title='bbox 635 1557 669 1594; x_wconf 87' lang='lat' dir='ltr'><em>et</em></span> <span class='ocrx_word' id='word_1_175' title='bbox 697 1568 722 1594; x_wconf 88' lang='lat' dir='ltr'><em>a</em></span> <span class='ocrx_word' id='word_1_176' title='bbox 751 1568 895 1607; x_wconf 69' lang='lat' dir='ltr'><em>mayna</em></span> <span class='ocrx_word' id='word_1_177' title='bbox 924 1569 1006 1595; x_wconf 84' lang='lat' dir='ltr'><em>non</em></span> <span class='ocrx_word' id='word_1_178' title='bbox 1035 1555 1265 1607; x_wconf 73' lang='lat' dir='ltr'><em>deyenerare</em></span> <span class='ocrx_word' id='word_1_179' title='bbox 1292 1555 1441 1595; x_wconf 77' lang='lat' dir='ltr'><em>culina.</em></span> 
     </span>
    </p>
   </div>
   <div class='ocr_carea' id='block_1_5' title="bbox 188 1631 1756 1737">
    <p class='ocr_par' dir='ltr' id='par_1_8' title="bbox 188 1631 1756 1737">
     <span class='ocr_line' id='line_1_24' title="bbox 320 1631 1756 1683; baseline 0 -13"><span class='ocrx_word' id='word_1_180' title='bbox 320 1631 455 1670; x_wconf 86' lang='lat' dir='ltr'><em>Prima</em></span> <span class='ocrx_word' id='word_1_181' title='bbox 484 1633 524 1670; x_wconf 91' lang='lat' dir='ltr'><em>in</em></span> <span class='ocrx_word' id='word_1_182' title='bbox 553 1636 687 1670; x_wconf 86' lang='lat' dir='ltr'><em>satura</em></span> <span class='ocrx_word' id='word_1_183' title='bbox 714 1633 756 1670; x_wconf 90' lang='lat' dir='ltr'><em>in</em></span> <span class='ocrx_word' id='word_1_184' title='bbox 785 1645 852 1671; x_wconf 87' lang='lat' dir='ltr'><em>eos</em></span> <span class='ocrx_word' id='word_1_185' title='bbox 881 1633 1091 1678; x_wconf 78' lang='lat' dir='ltr'><em>invehitur,</em></span> <span class='ocrx_word' id='word_1_186' title='bbox 1133 1633 1200 1683; x_wconf 90' lang='lat' dir='ltr'><em>qui</em></span> <span class='ocrx_word' id='word_1_187' title='bbox 1240 1632 1338 1670; x_wconf 88' lang='lat' dir='ltr'>nihil</span> <span class='ocrx_word' id='word_1_188' title='bbox 1378 1633 1514 1670; x_wconf 86' lang='lat' dir='ltr'><em>amicis</em></span> <span class='ocrx_word' id='word_1_189' title='bbox 1549 1645 1628 1670; x_wconf 89' lang='lat' dir='ltr'><em>non</em></span> <span class='ocrx_word' id='word_1_190' title='bbox 1656 1632 1756 1670; x_wconf 86' lang='lat' dir='ltr'><em>invi-</em></span> 
     </span>
     <span class='ocr_line' id='line_1_25' title="bbox 188 1686 931 1737; baseline -0.001 -13"><span class='ocrx_word' id='word_1_191' title='bbox 188 1686 327 1724; x_wconf 82' lang='lat' dir='ltr'><em>dentes</em></span> <span class='ocrx_word' id='word_1_192' title='bbox 356 1691 505 1725; x_wconf 85' lang='lat' dir='ltr'><em>secreto</em></span> <span class='ocrx_word' id='word_1_193' title='bbox 535 1686 793 1737; x_wconf 85' lang='lat' dir='ltr'><em>obliguriunt:</em></span> <span class='ocrx_word' id='word_1_194' title='bbox 828 1689 861 1724; x_wconf 90' lang='lat'><em>1.</em></span> <span class='ocrx_word' id='word_1_195' title='bbox 878 1697 931 1729; x_wconf 87' lang='lat'><em>93.</em></span> 
     </span>
    </p>
   </div>
   <div class='ocr_carea' id='block_1_6' title="bbox 634 1761 1286 1855">
    <p class='ocr_par' dir='ltr' id='par_1_9' title="bbox 634 1761 1286 1855">
     <span class='ocr_line' id='line_1_26' title="bbox 637 1761 1286 1811; baseline 0.002 -13"><span class='ocrx_word' id='word_1_196' title='bbox 637 1791 813 1800; x_wconf 91' lang='grc'><strong>.....</strong></span> <span class='ocrx_word' id='word_1_197' title='bbox 845 1761 944 1807; x_wconf 73' lang='lat' dir='ltr'><em>Quis</em></span> <span class='ocrx_word' id='word_1_198' title='bbox 969 1761 1119 1810; x_wconf 82' lang='lat' dir='ltr'><em>fercula</em></span> <span class='ocrx_word' id='word_1_199' title='bbox 1146 1764 1286 1811; x_wconf 75' lang='lat' dir='ltr'><em>septe-m</em></span> 
     </span>
     <span class='ocr_line' id='line_1_27' title="bbox 634 1814 1104 1855; baseline 0 -1"><span class='ocrx_word' id='word_1_200' title='bbox 634 1818 769 1855; x_wconf 83' lang='lat' dir='ltr'><em>secreto</em></span> <span class='ocrx_word' id='word_1_201' title='bbox 796 1816 954 1855; x_wconf 82' lang='lat' dir='ltr'><em>cenavit</em></span> <span class='ocrx_word' id='word_1_202' title='bbox 981 1814 1104 1854; x_wconf 73' lang='lat' dir='ltr'><em>avus?</em></span> 
     </span>
    </p>
   </div>
   <div class='ocr_carea' id='block_1_7' title="bbox 185 1891 1754 2379">
    <p class='ocr_par' dir='ltr' id='par_1_10' title="bbox 185 1891 1754 2379">
     <span class='ocr_line' id='line_1_28' title="bbox 187 1891 1753 1944; baseline 0.001 -15"><span class='ocrx_word' id='word_1_203' title='bbox 187 1891 237 1929; x_wconf 88' lang='lat' dir='ltr'><em>cf.</em></span> <span class='ocrx_word' id='word_1_204' title='bbox 273 1892 387 1934; x_wconf 85' lang='grc'>1.136</span> <span class='ocrx_word' id='word_1_205' title='bbox 417 1905 474 1943; x_wconf 90' lang='lat' dir='ltr'><em>sq.</em></span> <span class='ocrx_word' id='word_1_206' title='bbox 531 1892 646 1930; x_wconf 89' lang='lat' dir='ltr'><em>Hanc</em></span> <span class='ocrx_word' id='word_1_207' title='bbox 677 1892 1000 1931; x_wconf 72' lang='lat' dir='ltr'><em>consuetudinem</em></span> <span class='ocrx_word' id='word_1_208' title='bbox 1037 1892 1156 1930; x_wconf 87' lang='lat' dir='ltr'><em>etiam</em></span> <span class='ocrx_word' id='word_1_209' title='bbox 1186 1891 1380 1943; x_wconf 81' lang='lat' dir='ltr'><em>Epicurus</em></span> <span class='ocrx_word' id='word_1_210' title='bbox 1415 1892 1613 1944; x_wconf 84' lang='lat' dir='ltr'><em>vituperat</em></span> <span class='ocrx_word' id='word_1_211' title='bbox 1649 1892 1753 1943; x_wconf 87' lang='lat' dir='ltr'><em>apud</em></span> 
     </span>
     <span class='ocr_line' id='line_1_29' title="bbox 189 1945 1754 1998; baseline -0.002 -13"><span class='ocrx_word' id='word_1_212' title='bbox 189 1946 382 1985; x_wconf 83' lang='lat' dir='ltr'><em>Senecam</em></span> <span class='ocrx_word' id='word_1_213' title='bbox 413 1960 472 1998; x_wconf 90' lang='lat' dir='ltr'><em>ep.</em></span> <span class='ocrx_word' id='word_1_214' title='bbox 508 1948 568 1984; x_wconf 87' lang='lat'><em>19.</em></span> <span class='ocrx_word' id='word_1_215' title='bbox 589 1957 648 1988; x_wconf 91' lang='lat'><em>10:</em></span> <span class='ocrx_word' id='word_1_216' title='bbox 707 1945 824 1994; x_wconf 82' lang='lat' dir='ltr'><em>Ante,</em></span> <span class='ocrx_word' id='word_1_217' title='bbox 846 1945 981 1994; x_wconf 79' lang='lat' dir='ltr'><em>inquit</em></span> <span class='ocrx_word' id='word_1_218' title='bbox 1000 1946 1017 1974; x_wconf 76' lang='lat' dir='ltr'><strong><em>s</em></strong></span> <span class='ocrx_word' id='word_1_219' title='bbox 1000 1946 1090 1998; x_wconf 86' lang='lat' dir='ltr'><em>Ep</em></span> <span class='ocrx_word' id='word_1_220' title='bbox 1094 1946 1125 1995; x_wconf 79' lang='lat'><em>)‚</em></span> <span class='ocrx_word' id='word_1_221' title='bbox 1146 1945 1550 1996; x_wconf 68' lang='lat' dir='ltr'><em>circumspiciendum</em></span> <span class='ocrx_word' id='word_1_222' title='bbox 1570 1948 1639 1994; x_wconf 84' lang='lat' dir='ltr'><em>est,</em></span> <span class='ocrx_word' id='word_1_223' title='bbox 1662 1956 1754 1983; x_wconf 78' lang='lat' dir='ltr'><em>cam</em></span> 
     </span>
     <span class='ocr_line' id='line_1_30' title="bbox 187 1976 1753 2050; baseline 0.001 -13"><span class='ocrx_word' id='word_1_224' title='bbox 187 1998 334 2048; x_wconf 77' lang='lat' dir='ltr'><em>quibus</em></span> <span class='ocrx_word' id='word_1_225' title='bbox 368 2000 464 2038; x_wconf 87' lang='lat' dir='ltr'><em>edas</em></span> <span class='ocrx_word' id='word_1_226' title='bbox 498 2003 536 2038; x_wconf 88' lang='lat' dir='ltr'><em>et</em></span> <span class='ocrx_word' id='word_1_227' title='bbox 571 1999 691 2038; x_wconf 84' lang='lat' dir='ltr'><em>bibas.</em></span> <span class='ocrx_word' id='word_1_228' title='bbox 750 1976 859 2038; x_wconf 58' lang='lat' dir='ltr'><em>Ncim</em></span> <span class='ocrx_word' id='word_1_229' title='bbox 899 2000 986 2038; x_wconf 84' lang='lat' dir='ltr'><em>sine</em></span> <span class='ocrx_word' id='word_1_230' title='bbox 1021 1999 1148 2038; x_wconf 82' lang='lat' dir='ltr'><em>amico</em></span> <span class='ocrx_word' id='word_1_231' title='bbox 1178 1999 1387 2038; x_wconf 70' lang='lat' dir='ltr'><em>zisceratio</em></span> <span class='ocrx_word' id='word_1_232' title='bbox 1424 1999 1549 2038; x_wconf 77' lang='lat' dir='ltr'><em>teonis</em></span> <span class='ocrx_word' id='word_1_233' title='bbox 1583 2011 1630 2038; x_wconf 88' lang='lat' dir='ltr'><em>ac</em></span> <span class='ocrx_word' id='word_1_234' title='bbox 1666 1998 1753 2050; x_wconf 66' lang='lat' dir='ltr'><em>lupi</em></span> 
     </span>
     <span class='ocr_line' id='line_1_31' title="bbox 186 2053 1752 2107; baseline 0.001 -15"><span class='ocrx_word' id='word_1_235' title='bbox 186 2053 271 2092; x_wconf 81' lang='lat' dir='ltr'><em>vita</em></span> <span class='ocrx_word' id='word_1_236' title='bbox 307 2056 375 2092; x_wconf 82' lang='lat' dir='ltr'><em>est.</em></span> <span class='ocrx_word' id='word_1_237' title='bbox 435 2056 483 2094; x_wconf 89' lang='lat' dir='ltr'><em>cf.</em></span> <span class='ocrx_word' id='word_1_238' title='bbox 515 2055 610 2094; x_wconf 92' lang='lat' dir='ltr'><em>Luc.</em></span> <span class='ocrx_word' id='word_1_239' title='bbox 648 2069 706 2107; x_wconf 87' lang='lat' dir='ltr'><em>ep.</em></span> <span class='ocrx_word' id='word_1_240' title='bbox 740 2056 820 2094; x_wconf 80' lang='lat' dir='ltr'><em>Sat.</em></span> <span class='ocrx_word' id='word_1_241' title='bbox 852 2056 914 2094; x_wconf 86' lang='lat'><em>34.</em></span> <span class='ocrx_word' id='word_1_242' title='bbox 972 2055 1054 2094; x_wconf 89' lang='lat' dir='ltr'><em>Nec</em></span> <span class='ocrx_word' id='word_1_243' title='bbox 1091 2057 1218 2094; x_wconf 87' lang='lat' dir='ltr'><em>minus</em></span> <span class='ocrx_word' id='word_1_244' title='bbox 1248 2069 1315 2094; x_wconf 89' lang='lat' dir='ltr'><em>eos</em></span> <span class='ocrx_word' id='word_1_245' title='bbox 1345 2056 1529 2104; x_wconf 77' lang='lat' dir='ltr'><em>exagitat,</em></span> <span class='ocrx_word' id='word_1_246' title='bbox 1566 2056 1633 2105; x_wconf 86' lang='lat' dir='ltr'><em>qui</em></span> <span class='ocrx_word' id='word_1_247' title='bbox 1662 2069 1752 2094; x_wconf 93' lang='lat' dir='ltr'><em>cum</em></span> 
     </span>
     <span class='ocr_line' id='line_1_32' title="bbox 188 2109 1751 2161; baseline -0.001 -13"><span class='ocrx_word' id='word_1_248' title='bbox 188 2115 372 2148; x_wconf 91' lang='lat' dir='ltr'><em>centum</em></span> <span class='ocrx_word' id='word_1_249' title='bbox 420 2112 631 2149; x_wconf 81' lang='lat' dir='ltr'><em>convivis</em></span> <span class='ocrx_word' id='word_1_250' title='bbox 688 2111 885 2149; x_wconf 87' lang='lat' dir='ltr'><em>luxuriose</em></span> <span class='ocrx_word' id='word_1_251' title='bbox 946 2109 1210 2161; x_wconf 80' lang='lat' dir='ltr'><em>ep11lantur.5)</em></span> <span class='ocrx_word' id='word_1_252' title='bbox 1287 2110 1499 2148; x_wconf 85' lang='lat' dir='ltr'><em>Centesimi</em></span> <span class='ocrx_word' id='word_1_253' title='bbox 1547 2110 1751 2147; x_wconf 85' lang='lat' dir='ltr'><em>cuiusdam</em></span> 
     </span>
     <span class='ocr_line' id='line_1_33' title="bbox 185 2162 1752 2214; baseline 0 -12"><span class='ocrx_word' id='word_1_254' title='bbox 185 2165 376 2202; x_wconf 83' lang='lat' dir='ltr'><em>convivae</em></span> <span class='ocrx_word' id='word_1_255' title='bbox 418 2165 536 2203; x_wconf 86' lang='lat' dir='ltr'><em>etiam</em></span> <span class='ocrx_word' id='word_1_256' title='bbox 573 2165 723 2203; x_wconf 83' lang='lat' dir='ltr'><em>Seneca</em></span> <span class='ocrx_word' id='word_1_257' title='bbox 763 2177 840 2202; x_wconf 88' lang='lat' dir='ltr'><em>non</em></span> <span class='ocrx_word' id='word_1_258' title='bbox 884 2164 968 2202; x_wconf 88' lang='lat' dir='ltr'><em>sine</em></span> <span class='ocrx_word' id='word_1_259' title='bbox 1006 2164 1276 2214; x_wconf 87' lang='lat' dir='ltr'><em>indignatione</em></span> <span class='ocrx_word' id='word_1_260' title='bbox 1319 2164 1557 2202; x_wconf 85' lang='lat' dir='ltr'><em>mentionem</em></span> <span class='ocrx_word' id='word_1_261' title='bbox 1600 2162 1752 2211; x_wconf 81' lang='lat' dir='ltr'><em>inicit⁶)</em></span> 
     </span>
     <span class='ocr_line' id='line_1_34' title="bbox 186 2218 1752 2273; baseline 0.001 -17"><span class='ocrx_word' id='word_1_262' title='bbox 186 2223 305 2269; x_wconf 87' lang='lat' dir='ltr'><em>atque</em></span> <span class='ocrx_word' id='word_1_263' title='bbox 335 2219 411 2258; x_wconf 88' lang='lat' dir='ltr'><em>alio</em></span> <span class='ocrx_word' id='word_1_264' title='bbox 448 2218 574 2267; x_wconf 72' lang='lat'>10007)</span> <span class='ocrx_word' id='word_1_265' title='bbox 604 2219 739 2257; x_wconf 86' lang='lat' dir='ltr'><em>laudat</em></span> <span class='ocrx_word' id='word_1_266' title='bbox 781 2232 947 2273; x_wconf 80' lang='lat' dir='ltr'><em>parvum</em></span> <span class='ocrx_word' id='word_1_267' title='bbox 985 2219 1199 2257; x_wconf 85' lang='lat' dir='ltr'><em>amicorum</em></span> <span class='ocrx_word' id='word_1_268' title='bbox 1240 2218 1289 2256; x_wconf 79' lang='lat' dir='ltr'><em>ad</em></span> <span class='ocrx_word' id='word_1_269' title='bbox 1330 2232 1467 2257; x_wconf 87' lang='lat' dir='ltr'><em>cenam</em></span> <span class='ocrx_word' id='word_1_270' title='bbox 1508 2219 1752 2257; x_wconf 82' lang='lat' dir='ltr'><em>venientium</em></span> 
     </span>
     <span class='ocr_line' id='line_1_35' title="bbox 186 2268 1750 2323; baseline 0 -12"><span class='ocrx_word' id='word_1_271' title='bbox 186 2286 405 2312; x_wconf 88' lang='lat' dir='ltr'><em>numerum.</em></span> <span class='ocrx_word' id='word_1_272' title='bbox 464 2274 576 2312; x_wconf 90' lang='lat' dir='ltr'><em>Idem</em></span> <span class='ocrx_word' id='word_1_273' title='bbox 605 2274 743 2312; x_wconf 87' lang='lat' dir='ltr'><em>suadet</em></span> <span class='ocrx_word' id='word_1_274' title='bbox 777 2268 1010 2312; x_wconf 87' lang='lat' dir='ltr'><em>Plutarchus</em></span> <span class='ocrx_word' id='word_1_275' title='bbox 1044 2277 1193 2323; x_wconf 84' lang='lat' dir='ltr'><em>quaest.</em></span> <span class='ocrx_word' id='word_1_276' title='bbox 1252 2286 1363 2311; x_wconf 79' lang='lat' dir='ltr'><em>conv.</em></span> <span class='ocrx_word' id='word_1_277' title='bbox 1406 2273 1453 2311; x_wconf 89' lang='lat' dir='ltr'><em>V.</em></span> <span class='ocrx_word' id='word_1_278' title='bbox 1498 2275 1532 2311; x_wconf 94' lang='lat'><em>5.</em></span> <span class='ocrx_word' id='word_1_279' title='bbox 1551 2277 1613 2317; x_wconf 79' lang='grc'><em>29.</em></span> <span class='ocrx_word' id='word_1_280' title='bbox 1629 2272 1658 2320; x_wconf 78' lang='grc'><em>8)</em></span> <span class='ocrx_word' id='word_1_281' title='bbox 1701 2294 1750 2299; x_wconf 90' lang='lat'><em>——</em></span> 
     </span>
     <span class='ocr_line' id='line_1_36' title="bbox 185 2326 1751 2379; baseline 0.001 -14"><span class='ocrx_word' id='word_1_282' title='bbox 185 2327 418 2367; x_wconf 86' lang='lat' dir='ltr'><em>Tumultum</em></span> <span class='ocrx_word' id='word_1_283' title='bbox 447 2333 579 2367; x_wconf 87' lang='lat' dir='ltr'><em>autem</em></span> <span class='ocrx_word' id='word_1_284' title='bbox 616 2328 753 2366; x_wconf 87' lang='lat' dir='ltr'><em>talium</em></span> <span class='ocrx_word' id='word_1_285' title='bbox 783 2329 988 2379; x_wconf 86' lang='lat' dir='ltr'><em>epularum</em></span> <span class='ocrx_word' id='word_1_286' title='bbox 1015 2326 1220 2365; x_wconf 80' lang='lat' dir='ltr'><em>Juvenalis</em></span> <span class='ocrx_word' id='word_1_287' title='bbox 1263 2340 1307 2365; x_wconf 81' lang='lat' dir='ltr'><em>ac·</em></span> <span class='ocrx_word' id='word_1_288' title='bbox 1339 2328 1490 2366; x_wconf 80' lang='lat' dir='ltr'><em>Seneca</em></span> <span class='ocrx_word' id='word_1_289' title='bbox 1519 2329 1605 2378; x_wconf 87' lang='lat' dir='ltr'><em>pari</em></span> <span class='ocrx_word' id='word_1_290' title='bbox 1636 2328 1751 2366; x_wconf 91' lang='lat' dir='ltr'><em>modo</em></span> 
     </span>
    </p>
   </div>
   <div class='ocr_carea' id='block_1_8' title="bbox 193 2397 453 2405">
    <p class='ocr_par' dir='ltr' id='par_1_11' title="bbox 193 2397 453 2405">
     <span class='ocr_line' id='line_1_37' title="bbox 193 2397 453 2405; baseline 0 0"><span class='ocrx_word' id='word_1_291' title='bbox 193 2397 453 2405; x_wconf 95' lang='lat' dir='ltr'><em> </em></span> 
     </span>
    </p>
   </div>
   <div class='ocr_carea' id='block_1_9' title="bbox 315 2435 1751 2520">
    <p class='ocr_par' dir='ltr' id='par_1_12' title="bbox 315 2435 1751 2520">
     <span class='ocr_line' id='line_1_38' title="bbox 315 2435 1751 2520; baseline -0.001 -9"><span class='ocrx_word' id='word_1_292' title='bbox 315 2435 350 2518; x_wconf 50' lang='grc' dir='ltr'><em>(Β</em></span> <span class='ocrx_word' id='word_1_293' title='bbox 373 2438 520 2512; x_wconf 43' lang='lat' dir='ltr'><em>{husten</em></span> <span class='ocrx_word' id='word_1_294' title='bbox 545 2488 596 2520; x_wconf 86' lang='lat' dir='ltr'><em>ep.</em></span> <span class='ocrx_word' id='word_1_295' title='bbox 636 2481 707 2512; x_wconf 90' lang='lat'><strong>114.</strong></span> <span class='ocrx_word' id='word_1_296' title='bbox 719 2488 760 2519; x_wconf 77' lang='lat'><em>26,</em></span> <span class='ocrx_word' id='word_1_297' title='bbox 802 2480 927 2513; x_wconf 63' lang='lat'><strong>12216.</strong></span> <span class='ocrx_word' id='word_1_298' title='bbox 951 2478 995 2510; x_wconf 87' lang='lat' dir='ltr'><em>de</em></span> <span class='ocrx_word' id='word_1_299' title='bbox 1020 2478 1081 2510; x_wconf 86' lang='lat' dir='ltr'><em>vit.</em></span> <span class='ocrx_word' id='word_1_300' title='bbox 1106 2477 1198 2510; x_wconf 86' lang='lat' dir='ltr'><em>beat.</em></span> <span class='ocrx_word' id='word_1_301' title='bbox 1226 2479 1319 2517; x_wconf 73' lang='lat'><strong>17-23</strong></span> <span class='ocrx_word' id='word_1_302' title='bbox 1356 2486 1399 2510; x_wconf 80' lang='lat' dir='ltr'><em>ex</em></span> <span class='ocrx_word' id='word_1_303' title='bbox 1423 2477 1565 2518; x_wconf 82' lang='lat' dir='ltr'><em>seriptis</em></span> <span class='ocrx_word' id='word_1_304' title='bbox 1589 2476 1751 2510; x_wconf 90' lang='lat' dir='ltr'><em>Philonis</em></span> 
     </span>
    </p>
   </div>
   <div class='ocr_carea' id='block_1_10' title="bbox 183 2520 1751 2822">
    <p class='ocr_par' dir='ltr' id='par_1_13' title="bbox 183 2520 1751 2650">
     <span class='ocr_line' id='line_1_39' title="bbox 184 2520 1750 2563; baseline 0 -10"><span class='ocrx_word' id='word_1_305' title='bbox 184 2520 314 2555; x_wconf 87' lang='lat' dir='ltr'><em>Judaei</em></span> <span class='ocrx_word' id='word_1_306' title='bbox 348 2522 451 2563; x_wconf 87' lang='lat' dir='ltr'><em>plura</em></span> <span class='ocrx_word' id='word_1_307' title='bbox 486 2522 589 2555; x_wconf 84' lang='lat' dir='ltr'><em>affert</em></span> <span class='ocrx_word' id='word_1_308' title='bbox 623 2521 821 2554; x_wconf 86' lang='lat' dir='ltr'><em>Wendland</em></span> <span class='ocrx_word' id='word_1_309' title='bbox 855 2531 887 2563; x_wconf 87' lang='lat' dir='ltr'><em>p.</em></span> <span class='ocrx_word' id='word_1_310' title='bbox 911 2522 963 2554; x_wconf 70' lang='grc' dir='ltr'>ΞΟ.</span> <span class='ocrx_word' id='word_1_311' title='bbox 1010 2520 1116 2553; x_wconf 88' lang='lat' dir='ltr'><em>Clem.</em></span> <span class='ocrx_word' id='word_1_312' title='bbox 1142 2520 1196 2553; x_wconf 89' lang='lat' dir='ltr'><em>Al.</em></span> <span class='ocrx_word' id='word_1_313' title='bbox 1225 2521 1327 2562; x_wconf 88' lang='lat' dir='ltr'><em>paed.</em></span> <span class='ocrx_word' id='word_1_314' title='bbox 1362 2521 1424 2553; x_wconf 86' lang='lat' dir='ltr'><strong>III.</strong></span> <span class='ocrx_word' id='word_1_315' title='bbox 1459 2521 1511 2553; x_wconf 81' lang='lat'><em>26.</em></span> <span class='ocrx_word' id='word_1_316' title='bbox 1558 2520 1750 2553; x_wconf 87' lang='lat' dir='ltr'><em>Clementis</em></span> 
     </span>
     <span class='ocr_line' id='line_1_40' title="bbox 183 2563 1751 2606; baseline 0 -10"><span class='ocrx_word' id='word_1_317' title='bbox 183 2563 316 2598; x_wconf 87' lang='lat' dir='ltr'><em>librum</em></span> <span class='ocrx_word' id='word_1_318' title='bbox 351 2575 433 2599; x_wconf 90' lang='lat' dir='ltr'><em>cum</em></span> <span class='ocrx_word' id='word_1_319' title='bbox 462 2565 627 2598; x_wconf 83' lang='lat' dir='ltr'><em>diatribis</em></span> <span class='ocrx_word' id='word_1_320' title='bbox 652 2564 870 2598; x_wconf 85' lang='lat' dir='ltr'><em>Musonianis</em></span> <span class='ocrx_word' id='word_1_321' title='bbox 901 2564 1084 2606; x_wconf 83' lang='lat' dir='ltr'><em>aptissime</em></span> <span class='ocrx_word' id='word_1_322' title='bbox 1119 2564 1310 2597; x_wconf 87' lang='lat' dir='ltr'><em>cohaerere</em></span> <span class='ocrx_word' id='word_1_323' title='bbox 1342 2564 1475 2597; x_wconf 86' lang='lat' dir='ltr'><em>diserte</em></span> <span class='ocrx_word' id='word_1_324' title='bbox 1504 2564 1751 2605; x_wconf 86' lang='lat' dir='ltr'><em>comprobavit</em></span> 
     </span>
     <span class='ocr_line' id='line_1_41' title="bbox 184 2606 1478 2650; baseline 0.001 -12"><span class='ocrx_word' id='word_1_325' title='bbox 184 2606 383 2641; x_wconf 82' lang='lat' dir='ltr'><em>Wendland</em></span> <span class='ocrx_word' id='word_1_326' title='bbox 407 2610 543 2650; x_wconf 83' lang='lat' dir='ltr'><em>quaest.</em></span> <span class='ocrx_word' id='word_1_327' title='bbox 568 2608 653 2642; x_wconf 88' lang='lat' dir='ltr'><em>Mus.</em></span> <span class='ocrx_word' id='word_1_328' title='bbox 701 2608 752 2641; x_wconf 86' lang='lat' dir='ltr'><em>De</em></span> <span class='ocrx_word' id='word_1_329' title='bbox 774 2617 817 2641; x_wconf 90' lang='lat' dir='ltr'><em>ea</em></span> <span class='ocrx_word' id='word_1_330' title='bbox 840 2617 877 2641; x_wconf 90' lang='lat' dir='ltr'><em>re</em></span> <span class='ocrx_word' id='word_1_331' title='bbox 901 2607 1019 2641; x_wconf 87' lang='lat' dir='ltr'><em>Hirzel</em></span> <span class='ocrx_word' id='word_1_332' title='bbox 1042 2606 1184 2640; x_wconf 84' lang='lat' dir='ltr'><em>dubitat</em></span> <span class='ocrx_word' id='word_1_333' title='bbox 1208 2607 1298 2640; x_wconf 89' lang='lat' dir='ltr'><em>Dial.</em></span> <span class='ocrx_word' id='word_1_334' title='bbox 1324 2607 1363 2640; x_wconf 91' lang='lat'><em>11.</em></span> <span class='ocrx_word' id='word_1_335' title='bbox 1388 2607 1478 2640; x_wconf 69' lang='lat'><em>242.⁴</em></span> 
     </span>
    </p>

    <p class='ocr_par' dir='ltr' id='par_1_14' title="bbox 313 2651 817 2691">
     <span class='ocr_line' id='line_1_42' title="bbox 313 2651 817 2691; baseline 0.002 -6"><span class='ocrx_word' id='word_1_336' title='bbox 313 2652 348 2691; x_wconf 89' lang='lat'><em>3)</em></span> <span class='ocrx_word' id='word_1_337' title='bbox 373 2652 415 2685; x_wconf 84' lang='lat' dir='ltr'><em>of.</em></span> <span class='ocrx_word' id='word_1_338' title='bbox 439 2652 519 2685; x_wconf 87' lang='lat' dir='ltr'><em>Plin</em></span> <span class='ocrx_word' id='word_1_339' title='bbox 554 2652 595 2685; x_wconf 89' lang='lat' dir='ltr'><em>H.</em></span> <span class='ocrx_word' id='word_1_340' title='bbox 618 2652 658 2685; x_wconf 88' lang='lat' dir='ltr'><em>N.</em></span> <span class='ocrx_word' id='word_1_341' title='bbox 685 2651 739 2684; x_wconf 91' lang='lat' dir='ltr'><em>IX.</em></span> <span class='ocrx_word' id='word_1_342' title='bbox 764 2654 817 2686; x_wconf 79' lang='grc'>67.</span> 
     </span>
    </p>

    <p class='ocr_par' dir='ltr' id='par_1_15' title="bbox 312 2694 1487 2738">
     <span class='ocr_line' id='line_1_43' title="bbox 312 2694 1487 2738; baseline -0.001 -11"><span class='ocrx_word' id='word_1_343' title='bbox 312 2696 347 2734; x_wconf 91' lang='grc'><em>4)</em></span> <span class='ocrx_word' id='word_1_344' title='bbox 371 2695 416 2729; x_wconf 82' lang='lat' dir='ltr'><em>cf.</em></span> <span class='ocrx_word' id='word_1_345' title='bbox 439 2695 532 2729; x_wconf 87' lang='lat' dir='ltr'><em>Plut.</em></span> <span class='ocrx_word' id='word_1_346' title='bbox 556 2695 636 2729; x_wconf 83' lang='lat' dir='ltr'><em>aud.</em></span> <span class='ocrx_word' id='word_1_347' title='bbox 662 2698 753 2738; x_wconf 85' lang='lat' dir='ltr'><em>poet.</em></span> <span class='ocrx_word' id='word_1_348' title='bbox 778 2705 807 2729; x_wconf 94' lang='lat' dir='ltr'><em>c.</em></span> <span class='ocrx_word' id='word_1_349' title='bbox 833 2697 849 2728; x_wconf 90' lang='lat' dir='ltr'><em>l</em></span> <span class='ocrx_word' id='word_1_350' title='bbox 875 2705 907 2737; x_wconf 90' lang='lat' dir='ltr'><em>p.</em></span> <span class='ocrx_word' id='word_1_351' title='bbox 936 2696 973 2728; x_wconf 82' lang='lat'><em>14</em></span> <span class='ocrx_word' id='word_1_352' title='bbox 999 2694 1032 2727; x_wconf 80' lang='lat' dir='ltr'><em>F.</em></span> <span class='ocrx_word' id='word_1_353' title='bbox 1057 2694 1182 2734; x_wconf 87' lang='lat' dir='ltr'><em>(Varro</em></span> <span class='ocrx_word' id='word_1_354' title='bbox 1206 2703 1262 2736; x_wconf 84' lang='lat' dir='ltr'><em>ap.</em></span> <span class='ocrx_word' id='word_1_355' title='bbox 1288 2694 1374 2728; x_wconf 90' lang='lat' dir='ltr'><em>Gell.</em></span> <span class='ocrx_word' id='word_1_356' title='bbox 1399 2695 1487 2734; x_wconf 85' lang='lat'><strong>4.19).</strong></span> 
     </span>
    </p>

    <p class='ocr_par' dir='ltr' id='par_1_16' title="bbox 313 2738 1748 2778">
     <span class='ocr_line' id='line_1_44' title="bbox 313 2738 1748 2778; baseline -0.001 -7"><span class='ocrx_word' id='word_1_357' title='bbox 313 2739 348 2776; x_wconf 83' lang='lat'><em>5)</em></span> <span class='ocrx_word' id='word_1_358' title='bbox 372 2741 401 2771; x_wconf 93' lang='grc'><em>3.</em></span> <span class='ocrx_word' id='word_1_359' title='bbox 420 2750 478 2774; x_wconf 80' lang='lat'><strong>250.</strong></span> <span class='ocrx_word' id='word_1_360' title='bbox 666 2739 698 2778; x_wconf 87' lang='grc'><em>6)</em></span> <span class='ocrx_word' id='word_1_361' title='bbox 724 2739 768 2771; x_wconf 87' lang='lat' dir='ltr'><em>de</em></span> <span class='ocrx_word' id='word_1_362' title='bbox 791 2740 846 2771; x_wconf 87' lang='lat' dir='ltr'><em>ira</em></span> <span class='ocrx_word' id='word_1_363' title='bbox 869 2739 912 2771; x_wconf 83' lang='grc' dir='ltr'>ΙΙ.</span> <span class='ocrx_word' id='word_1_364' title='bbox 936 2739 988 2771; x_wconf 84' lang='grc'>33.</span> <span class='ocrx_word' id='word_1_365' title='bbox 1006 2747 1031 2771; x_wconf 85' lang='grc'>4.</span> <span class='ocrx_word' id='word_1_366' title='bbox 1215 2740 1248 2777; x_wconf 83' lang='grc'><em>7)</em></span> <span class='ocrx_word' id='word_1_367' title='bbox 1272 2747 1324 2778; x_wconf 87' lang='lat' dir='ltr'><em>ep.</em></span> <span class='ocrx_word' id='word_1_368' title='bbox 1349 2741 1401 2770; x_wconf 82' lang='lat'><em>64.</em></span> <span class='ocrx_word' id='word_1_369' title='bbox 1420 2749 1434 2772; x_wconf 71' lang='grc' dir='ltr'>ι</span> <span class='ocrx_word' id='word_1_370' title='bbox 1459 2738 1502 2771; x_wconf 87' lang='lat' dir='ltr'><em>cf.</em></span> <span class='ocrx_word' id='word_1_371' title='bbox 1527 2739 1570 2769; x_wconf 87' lang='lat' dir='ltr'><em>tr.</em></span> <span class='ocrx_word' id='word_1_372' title='bbox 1594 2746 1649 2770; x_wconf 91' lang='lat' dir='ltr'><em>an.</em></span> <span class='ocrx_word' id='word_1_373' title='bbox 1675 2739 1704 2769; x_wconf 89' lang='lat'><em>9.</em></span> <span class='ocrx_word' id='word_1_374' title='bbox 1723 2746 1748 2771; x_wconf 84' lang='lat'><em>3.</em></span> 
     </span>
    </p>

    <p class='ocr_par' dir='ltr' id='par_1_17' title="bbox 316 2780 1749 2822">
     <span class='ocr_line' id='line_1_45' title="bbox 316 2780 1749 2822; baseline -0.001 -8"><span class='ocrx_word' id='word_1_375' title='bbox 316 2782 348 2820; x_wconf 90' lang='lat'><em>8)</em></span> <span class='ocrx_word' id='word_1_376' title='bbox 373 2781 465 2822; x_wconf 86' lang='lat' dir='ltr'><em>Quid</em></span> <span class='ocrx_word' id='word_1_377' title='bbox 482 2782 593 2816; x_wconf 87' lang='lat' dir='ltr'><em>Varro</em></span> <span class='ocrx_word' id='word_1_378' title='bbox 617 2781 661 2815; x_wconf 89' lang='lat' dir='ltr'><em>de</em></span> <span class='ocrx_word' id='word_1_379' title='bbox 685 2791 831 2816; x_wconf 86' lang='lat' dir='ltr'><em>numero</em></span> <span class='ocrx_word' id='word_1_380' title='bbox 856 2781 1086 2816; x_wconf 88' lang='lat' dir='ltr'><em>convivarum</em></span> <span class='ocrx_word' id='word_1_381' title='bbox 1108 2780 1334 2821; x_wconf 88' lang='lat' dir='ltr'><em>iudicaverit,</em></span> <span class='ocrx_word' id='word_1_382' title='bbox 1357 2781 1491 2814; x_wconf 88' lang='lat' dir='ltr'><em>Gellius</em></span> <span class='ocrx_word' id='word_1_383' title='bbox 1507 2782 1630 2814; x_wconf 86' lang='lat' dir='ltr'><em>narrat</em></span> <span class='ocrx_word' id='word_1_384' title='bbox 1649 2781 1749 2815; x_wconf 89' lang='lat'><strong>13.11.</strong></span> 
     </span>
    </p>
   </div>
   <div class='ocr_carea' id='block_1_11' title="bbox 1576 2845 1616 2878">
    <p class='ocr_par' dir='ltr' id='par_1_18' title="bbox 1576 2845 1616 2878">
     <span class='ocr_line' id='line_1_46' title="bbox 1576 2845 1616 2878; baseline 0 -16"><span class='ocrx_word' id='word_1_385' title='bbox 1576 2845 1616 2878; x_wconf 70' lang='grc'><em>21·</em></span> 
     </span>
    </p>
   </div>
  </div>
 </body>
</html>
