1980 3097
904 155 1145 193 ..40—

370 282 432 322 De
470 283 622 323 ancillis
668 283 935 336 ministrisque
976 283 1090 323 simili
1132 284 1249 323 modo
1290 297 1336 323 ac
1378 285 1585 324 Juvenalis
1628 283 1811 324 Clemens

240 338 415 389 loquitur
447 337 520 376 III.
549 339 620 377 26:
661 338 900 389 xoppffltatl)
936 339 979 376 δὲ
1013 339 1082 376 καὶ
1116 339 1361 390 κομμώτριαι
1395 340 1485 390 περὶ
1518 341 1588 385 τὰς
1620 344 1811 391 γυναῖκας

240 392 585 445 ἀμφιπολεύουσιν,
618 392 658 431 αἱ
689 392 758 444 μὲν
787 394 836 431 τὰ
871 393 1089 444 κάτοπτρα,
1120 392 1160 432 αἱ
1190 393 1233 432 δὲ
1261 394 1349 440 τοὺς
1375 393 1662 446 κεκρυφάλους,
1694 393 1811 433 ἄλλαι

238 450 327 495 τοὺς
360 447 514 494 κτένας,
553 449 769 500 εὐνοῦχοι
802 447 970 487 πολλοὶ
1004 449 1084 487 καὶ
1118 449 1244 486 οὗτοι
1279 448 1591 500 μαστροποίῖ)
1638 449 1686 488 cf.
1718 448 1810 489 Juv.

240 516 304 541 vv.
335 501 416 541 366
437 515 493 553 sq.

481 565 589 605 Sunt
617 579 718 616 quas
747 565 956 605 eunuchi
985 565 1162 605 imbelles
1192 578 1238 605 ac
1265 565 1405 606 mollia
1433 578 1590 617 semper

485 621 621 660 oscula
651 621 846 660 delectent
874 623 912 660 et
941 620 1168 671 desperatio
1199 620 1343 660 barbae
1373 626 1445 662 etc.

238 699 289 737 cf.
325 701 429 741 l.2·2.
488 698 596 737 Inter
642 698 826 737 dominae
873 711 1008 738 servos
1048 699 1087 736 in
1129 698 1304 737 Senecae
1345 711 1501 750 quoque
1541 698 1673 738 libello
1713 711 1810 737 enu-

240 761 416 793 meratur
449 752 495 792 fr.
523 752 593 792 51:
624 750 669 790 in
700 750 860 803 lonyam
893 764 1155 801 securamque
1196 750 1405 791 libidinem
1443 755 1628 791 exsectus
1662 752 1810 802 spado,·

238 807 313 846 sub
343 806 489 856 quibus
518 805 762 856 nominibus,
792 808 932 859 inquit,
963 805 1139 845 adulteri
1159 805 1409 845 delitescunt.
1447 807 1495 845 cf.
1517 807 1563 846 fr.
1587 809 1649 846 64.
1681 808 1810 852 Quam

239 863 290 902 ob
320 875 482 902 causam
510 862 651 902 merito
681 862 901 915 interrogat
921 864 1072 902 Seneca
1096 862 1144 902 fr.
1168 863 1236 902 53:
1269 892 1276 899 .
1310 892 1317 899 .
1351 859 1478 910 .quid
1502 860 1670 911 prodest
1689 860 1811 901 etiam

240 915 416 966 diliyens
456 915 652 965 custodia,
698 928 789 954 cum
831 929 939 955 uxor
973 915 1129 955 servari
1163 915 1372 965 impudica
1406 928 1486 954 non
1517 915 1649 965 possit
1677 945 1685 953 .
1719 946 1726 953 .
1759 945 1767 952 .
1800 946 1810 955 .

240 969 413 1021 difficile
434 969 672 1019 custoditur,
688 970 794 1020 quod
807 970 952 1020 plures
966 973 1117 1009 amant.
1149 971 1259 1010 Idem
1281 971 1534 1022 conqueritur
1554 970 1645 1009 Juv.
1660 984 1696 1010 v.
1712 971 1808 1010 347:

435 1045 561 1094 ,Pone
590 1058 723 1084 seram
747 1045 943 1095 prohibc‘.
1001 1045 1081 1084 Sed
1109 1046 1200 1094 quis
1229 1044 1425 1084 custodiet
1452 1044 1560 1095 ipsos

438 1099 648 1139 custodes?
690 1098 822 1139 Cauta
852 1102 911 1138 cst
939 1102 977 1138 et
1006 1100 1054 1139 ab
1084 1099 1168 1138 illis
1197 1099 1344 1149 incipit
1372 1112 1478 1139 uxor
1508 1131 1516 1139 .
1550 1131 1557 1138 .

373 1177 618 1228 Superbae
658 1180 874 1220 matronae,
920 1177 1025 1228 quod
1065 1176 1318 1216 nobilitate
1355 1177 1559 1228 gloriaque
1598 1177 1726 1228 gentis
1763 1190 1810 1215 se

240 1232 420 1271 iactent
453 1231 710 1270 vehementer
743 1231 1019 1283 vituperantur
1052 1245 1114 1270 vv.
1146 1231 1371 1270 161—184.
1430 1231 1541 1274 Quae
1575 1232 1697 1271 verba
1732 1245 1809 1271 non

239 1287 358 1325 nimis
387 1286 574 1325 differunt
602 1286 653 1325 ab
682 1286 742 1334 iis,
774 1299 875 1337 quae
904 1286 1055 1325 faciunt
1083 1285 1319 1325 Plutarchus
1347 1289 1580 1337 personatus
1610 1290 1648 1324 et
1676 1285 1810 1325 Peric—

240 1342 346 1380 tione
386 1339 674 1392 philosopha.³)
746 1340 818 1379 Ille
858 1341 1050 1391 optimum
1092 1353 1177 1379 esse
1214 1340 1322 1378 ducit
1360 1340 1409 1378 de
1452 1340 1512 1378 ed.
1554 1353 1664 1391 puer.
1704 1354 1736 1379 c.
1762 1342 1809 1380 19

241 1395 466 1446 ἐγγυᾶσθαι
497 1424 504 1431 .
537 1424 544 1431 .
578 1423 585 1431 .
620 1424 627 1431 .
657 1400 734 1440 τοῖς
768 1395 861 1441 υἱοῖς
893 1400 1084 1445 γυναῖκας
1115 1394 1212 1446 μήτε
1242 1394 1520 1445 εὐγενεστέρας
1548 1394 1681 1445 πολλῷ
1713 1394 1810 1446 μήτε

240 1449 586 1500 πλουσιωτέρας.4)
635 1449 685 1488 cf.
707 1449 798 1488 Juv.
823 1450 917 1488 167:

377 1523 490 1563 Malo
519 1522 764 1562 Venusinam
795 1536 917 1573 quam
946 1527 994 1574 ta,
1027 1523 1226 1570 Cornelia,
1257 1526 1386 1563 mater

378 1577 665 1627 Gracchorum,
695 1577 732 1616 si
761 1590 853 1616 cum
880 1578 1040 1629 maynis
1068 1578 1286 1617 virtutibus
1316 1578 1453 1627 adfers

377 1632 532 1684 qrande
560 1631 826 1682 supercilium
855 1635 893 1671 et
921 1646 1113 1672 numeras
1142 1633 1186 1672 in
1215 1633 1303 1672 dote
1331 1632 1558 1683 triumphos
1587 1649 1665 1685 eqs.

372 1709 615 1749 Nocturna
654 1711 811 1761 iurgia
850 1710 961 1749 lecti
1002 1724 1025 1749 a
1061 1711 1258 1762 plerisque
1293 1711 1462 1749 inimicis
1496 1724 1611 1749 sexus
1649 1711 1810 1749 feminei

240 1768 612 1803 commemorantur.
663 1764 810 1803 Noster
837 1765 935 1803 haec
964 1766 1144 1816 praebet:
1176 1766 1254 1803 265

489 1837 657 1888 Semper
686 1838 802 1877 habet
832 1837 922 1878 lites
952 1839 1187 1888 alternaque
1217 1837 1353 1888 iurqia
1383 1839 1519 1887 lectus,

491 1892 537 1931 in
566 1905 643 1941 quo
672 1895 804 1942 nupta
833 1892 948 1942 iacet,
978 1892 1197 1931 minimum
1226 1892 1427 1931 dormitur
1455 1892 1500 1931 in
1529 1893 1610 1932 illo.

492 1945 607 1985 Tunc
635 1946 772 1997 yravis
800 1946 874 1987 illa
903 1946 1001 1997 viro,
1033 1949 1129 1986 tunc
1159 1946 1254 1986 orba
1284 1946 1429 1998 tiyriclc
1454 1947 1582 1998 peior,

493 2013 586 2040 cum
614 2001 783 2041 simulat
810 2001 984 2053 gemitus
1015 2001 1159 2041 occulti
1188 2001 1346 2040 conscia
1374 2001 1486 2052 facti,

493 2058 566 2095 aut
595 2055 678 2095 odit
702 2069 852 2106 pueros
883 2059 955 2095 aut
982 2056 1076 2105 ficta
1100 2056 1256 2107 paelice
1280 2056 1419 2106 plorat
1447 2063 1519 2097 etc.

240 2135 290 2174 cf.
321 2135 490 2174 Nicostr.
521 2147 583 2185 ap.
612 2134 667 2173 St.
699 2135 762 2174 84.
778 2146 819 2177 63
849 2135 917 2178 (M.
939 2149 975 2186 p.
999 2137 1066 2183 67)
1088 2134 1156 2174 Ἐν
1176 2137 1283 2186 ὕπνῳ
1312 2136 1381 2173 καὶ
1402 2136 1442 2173 ἐν
1462 2141 1508 2186 τῇ
1528 2136 1620 2186 εὐνῇ
1642 2135 1808 2186 μάλιστα

240 2190 275 2228 οἱ
311 2190 448 2240 ἄνδρες
481 2188 771 2240 ἐξαπατώμεθα
800 2210 807 2217 -
843 2190 1062 2241 φυλακτέον
1094 2190 1136 2228 δὲ
1166 2189 1338 2240 ἑσπέραν
1372 2190 1440 2241 μὲν
1473 2189 1687 2236 κολακείας
1717 2220 1725 2227 .
1758 2219 1766 2227 .
1799 2220 1807 2227 .

241 2244 368 2283 ἕωθεν
399 2245 441 2283 δὲ
473 2274 480 2282 .
513 2273 521 2281 .
554 2274 562 2281 .
594 2244 786 2295 θορύβους
823 2246 891 2283 καὶ
926 2245 1114 2296 κραυγάς.
1152 2267 1201 2271 -
1239 2244 1329 2282 Sen.
1360 2244 1408 2283 fr.
1439 2245 1510 2283 49:
1548 2242 1707 2281 Deinde
1732 2255 1809 2293 per

376 2396 405 2433 1)
430 2405 461 2426 ν.
477 2396 552 2427 477.

374 2440 407 2474 2)
432 2438 476 2472 cf.
507 2438 614 2472 Clem.
648 2438 712 2472 111.
741 2440 771 2478 5,
803 2440 855 2472 29.
889 2457 929 2462 —
962 2438 1132 2472 Homines
1156 2442 1266 2480 impes
1291 2438 1473 2481 similesque
1498 2438 1643 2472 cinaedis
1671 2438 1809 2472 animos

243 2482 498 2524 compotricum
531 2483 719 2525 tantopere
753 2491 888 2524 regere,
918 2484 958 2516 ut
986 2492 1109 2516 eorum
1145 2482 1295 2516 consilio
1331 2485 1366 2516 et
1406 2483 1544 2516 nubant
1583 2485 1619 2515 et
1652 2482 1808 2515 divortia

240 2526 387 2566 faciant,
411 2526 565 2567 legimus
589 2526 625 2558 in
651 2526 838 2568 particula,
863 2536 955 2569 quae
980 2535 1050 2559 uno
1075 2525 1198 2559 codice
1223 2526 1319 2559 Bodl.
1338 2526 1467 2560 Canon.
1484 2529 1523 2559 41
1550 2535 1664 2568 nuper
1679 2525 1809 2559 collato

241 2569 376 2602 tradita
400 2570 464 2609 est,
489 2578 522 2601 ν.
542 2570 578 2601 17
604 2570 651 2609 (v.
677 2570 742 2603 Rh.
768 2569 810 2602 M.
839 2572 919 2603 1899
942 2580 965 2612 p
1000 2570 1089 2610 485).
1115 2588 1154 2591 —
1185 2568 1330 2603 Munera
1358 2570 1515 2603 hominis
1543 2569 1710 2603 obscenum
1731 2580 1808 2610 pro-

237 2613 319 2655 fessi
341 2614 467 2646 auctor
489 2611 639 2645 obscure
663 2613 844 2655 significat
868 2623 898 2645 v.
916 2615 936 2646 4
953 2623 1004 2655 sq.

372 2657 407 2695 3)
433 2665 488 2698 ap.
513 2654 608 2688 Stob.
633 2658 683 2688 85.
696 2662 726 2686 19
749 2656 806 2697 (M.
831 2667 864 2698 p.
892 2658 1014 2694 146.4).

372 2701 407 2740 4)
431 2699 490 2741 [cf.
516 2698 677 2732 Cleobuli
706 2699 802 2733 dicta
831 2710 887 2742 ap.
918 2700 1014 2734 Stob.
1044 2702 1125 2732 [172
1155 2700 1209 2738 (Η.
1235 2710 1267 2742 p.
1296 2701 1366 2733 113.
1379 2699 1441 2741 5)];
1466 2699 1679 2733 ambitiosae
1703 2700 1807 2733 casti-

240 2745 372 2785 gantur
396 2743 475 2777 Seu.
499 2742 546 2776 ad
572 2742 671 2776 Helv.
703 2746 784 2776 14.2.
