1980 3097
155 348 244 388 eius
269 357 393 385 eausa
412 343 707 394 porriyendam
731 358 813 384 esse
838 345 1032 384 dicebant.
1082 346 1180 393 (Cic.
1198 347 1266 385 fin.
1287 345 1359 384 III.
1381 345 1465 395 57.)
1495 367 1545 373 —
1576 344 1715 384 Cicero

155 404 221 444 off.
252 402 282 441 I.
315 401 364 439 68
395 397 584 437 Cavenda
613 429 622 438 .
654 429 663 438 .
695 431 703 439 .
733 402 803 448 est,
831 401 960 452 inquit
990 399 1141 450 yloriae
1170 398 1373 449 cupiditas
1404 431 1412 439 .
1445 431 1452 438 .
1485 430 1493 438 .
1525 410 1596 437 nec
1623 410 1714 436 vero

157 453 331 506 imperia
359 452 585 503 eoepetenda
613 458 686 493 etc.
744 454 899 507 Operae
926 456 1094 507 pretium
1124 460 1182 495 est
1211 455 1365 495 adicere
1393 455 1524 494 locum
1558 455 1605 493 ἐκ
1638 459 1715 492 τῶν

156 516 296 551 κοινῶν
321 505 614 559 Ἀριστοτέλους
642 509 846 560 διατριβῶν
859 509 908 557 1):
938 509 988 547 Αἱ
1012 510 1191 549 πλεῖσται
1220 510 1377 555 στάσεις
1405 510 1470 547 διὰ
1499 508 1714 559 φιλοτιμίαν

156 567 198 605 ἐν
223 570 306 610 ταῖς
333 561 493 601 πόλεσιν
517 561 724 613 γίγνονται·
759 563 849 614 περὶ
881 568 994 614 τιμῆς
1025 564 1102 614 γὰρ
1134 594 1141 601 .
1174 595 1182 601 .
1215 595 1222 601 .
1254 563 1288 602 οἱ
1317 563 1578 602 δυνατώτατοι
1603 562 1712 614 διαμ-

157 615 439 671 φισβητοῦσι.2)
497 616 548 654 cf.
578 616 669 654 Juv.
699 629 736 653 v.
770 618 845 655 142

384 688 568 740 patriam
596 692 731 729 tamen
761 689 893 730 obruit
922 689 1017 730 olim
1041 691 1045 740 Ι
1070 689 1201 742 yloria
1224 704 1462 741 paucorum.
1472 691 1503 739 3)

285 767 534 815 Hannibalis,
555 767 783 815 Alexandri,
802 766 947 805 Xerxis
966 768 1155 819 exemplis
1175 768 1301 806 allatis
1320 770 1436 818 poeta
1462 767 1719 814 demonstrat,

154 826 326 875 quantae
375 821 565 873 perniciei
603 821 706 861 bella
749 821 1095 873 expeditionesque
1134 823 1222 862 sint.
1290 821 1401 865 Quae
1435 834 1483 859 ex
1515 821 1718 860 rhetorum

157 877 289 916 schola
317 880 475 927 sumpta
503 888 588 914 esse
617 880 754 914 notum
783 880 853 914 est.
911 877 964 914 At
990 879 1125 914 tamen
1158 880 1279 914 totam
1309 879 1483 914 saturam
1520 875 1718 913 declama-

155 933 302 971 tionem
335 930 574 969 rhetoricam
609 931 804 970 nominari
831 943 947 982 posse
975 945 1090 984 nego,
1125 930 1356 984 praesertim
1390 942 1481 968 cum
1513 929 1719 969 Juvenalis

155 988 238 1037 ipse
267 985 366 1023 tales
397 998 523 1034 nugas
553 1007 603 1011 —
634 990 676 1023 ut
704 986 882 1024 omittam
904 987 1109 1036 septimam
1139 984 1354 1033 saturam4)
1384 1005 1438 1010 -
1465 983 1507 1021 in
1531 984 1605 1021 hoc-
1634 984 1718 1033 ipso

155 1039 330 1079 carmine
358 1037 497 1077 illudat
525 1051 561 1077 v.
600 1039 671 1078 166
688 1053 744 1091 sq.
769 1082 772 1084 ,

574 1113 602 1151 I
627 1114 788 1153 clemens
816 1117 855 1153 et
881 1127 1021 1154 saevas
1048 1127 1165 1154 carre
1189 1128 1267 1164 per
1296 1114 1432 1163 Alpes,

524 1170 571 1206 ut
593 1167 737 1217 pueris
760 1168 927 1218 placeas
955 1172 993 1208 et
1020 1168 1257 1208 declamatio
1285 1168 1374 1217 fias.

155 1245 214 1283 Ex
243 1245 304 1283 his
332 1246 463 1284 verbis
493 1259 683 1296 apparere
717 1247 811 1285 mihi
841 1248 997 1286 videtur
1028 1247 1264 1286 Juvenalem
1299 1248 1428 1298 ipsum
1462 1259 1540 1284 non
1575 1245 1715 1295 egisse,
1760 1269 1765 1273 -

154 1304 197 1337 ut
217 1304 470 1350 componeret
489 1300 710 1338 ostentandi
730 1314 849 1339 causa
873 1301 1200 1341 declamationem
1223 1301 1415 1340 inutilem.
1462 1299 1564 1338 Eum
1583 1304 1716 1337 tamen

156 1353 438 1393 consuetudine
486 1354 688 1393 rhetorum
735 1355 832 1394 haec
874 1357 1055 1408 exempla
1097 1356 1353 1408 congessisse,
1397 1359 1438 1394 ut
1479 1353 1714 1401 ostenderet,

155 1421 276 1459 quam
304 1422 534 1460 perversum
564 1413 667 1448 esset
693 1410 908 1461 potentiam
937 1411 1195 1462 gloriamque,
1224 1412 1386 1462 longum
1414 1410 1519 1448 vitae
1545 1409 1715 1460 spatium

154 1463 402 1515 formamque
437 1477 460 1502 a
494 1464 554 1502 dis
588 1465 741 1516 precari
774 1478 851 1504 non
886 1466 1030 1505 mirum
1065 1471 1134 1505 est.
1198 1464 1402 1504 Eiusmodi
1438 1464 1544 1503 enim
1583 1476 1715 1502 exem-

153 1517 310 1569 plorum
338 1519 481 1557 multas
510 1518 801 1558 dissertationes
830 1520 1120 1572 philosophicas
1148 1521 1285 1571 plenas
1319 1533 1405 1558 esse
1438 1519 1518 1556 iam
1546 1517 1716 1556 vidimus

154 1575 193 1609 et
220 1571 440 1610 videbimus
482 1585 552 1610 nec
592 1586 690 1623 opus
730 1577 788 1612 est
818 1578 1009 1624 repetere,
1051 1579 1292 1625 quantopere
1333 1574 1485 1612 Seneca
1523 1571 1564 1609 id
1592 1584 1716 1622 genus

154 1625 310 1664 dicendi
338 1626 597 1665 commendet.
607 1623 639 1676 ⁶)

264 1679 457 1719 Maximos
476 1681 744 1732 imperatoreS,
766 1681 834 1732 qui
853 1681 966 1720 bellis
985 1682 1132 1721 famam
1148 1682 1394 1733 gloriamque
1408 1680 1716 1732 impetraverint,

154 1733 388 1785 plerumque
428 1735 594 1774 adversa
627 1735 787 1774 fortuna
823 1737 893 1783 uti,
937 1737 1043 1787 quod
1082 1737 1216 1775 multis
1253 1736 1385 1775 verbis
1420 1739 1554 1774 noster
1590 1734 1715 1780 docet,

154 1787 267 1827 Plato
307 1801 462 1840 person.
504 1794 638 1828 monet
679 1791 755 1828 142
796 1790 832 1828 A
871 1792 956 1830 ὅσοι
1000 1791 1239 1843 στρατηγίας
1279 1788 1594 1842 ἐπιθυμήσαντες
1635 1788 1714 1839 ἤδη

153 1843 222 1880 καὶ
250 1843 430 1894 τυχόντες
471 1846 591 1894 αὐτῆς
620 1844 654 1882 οἱ
689 1845 757 1895 μὲν
788 1846 842 1883 ἔτι
870 1846 939 1883 καὶ
967 1852 1033 1884 νῦν
1063 1844 1290 1897 φυγάδεςὸ),
1308 1845 1432 1895 τῆσδε
1469 1849 1539 1893 τῆς
1567 1842 1717 1887 πόλεώς

154 1896 261 1944 εἰσιν,
278 1897 313 1935 οἱ
328 1898 372 1936 δὲ
387 1898 452 1936 τὸν
468 1897 548 1950 βίον
566 1898 826 1948 ἐτελεύτησαν
835 1899 922 1937 Δκτλ.
941 1899 991 1938 cf.
1004 1901 1078 1939 142
1089 1899 1132 1939 C.
1143 1899 1282 1938 —Res
1294 1897 1575 1938 abHannibale
1586 1900 1716 1948 gestas

153 1950 193 1989 in
220 1950 464 2002 Ciceronis7)
494 1958 533 1992 et
559 1952 733 1992 Senecae
763 1954 917 2005 scriptis
946 1955 1160 1994 moralibus
1189 1955 1346 2006 saepius
1375 1958 1443 1993 aut
1469 1952 1623 1991 laudari
1649 1956 1716 1990 aut

286 2058 317 2103 1)
341 2060 407 2103 Ap.
431 2059 526 2095 Stob.
551 2061 602 2095 45.
612 2069 644 2097 21
668 2059 726 2102 (M.
749 2070 781 2103 p.
800 2061 877 2102 207)
901 2060 945 2096 cf.
970 2060 1011 2096 11.
1035 2063 1133 2101 31.ae
1155 2061 1220 2104 (W.
1237 2072 1271 2105 p.
1290 2063 1360 2096 151.
1376 2060 1428 2101 12).

284 2106 317 2140 2)
341 2104 385 2138 cf.
410 2104 502 2137 Plut.
526 2104 633 2138 Stoic.
656 2114 729 2146 rep.
753 2106 806 2138 33.
825 2110 849 2136 1.

282 2147 318 2186 3)
342 2157 375 2180 v.
402 2149 463 2181 140
486 2147 673 2181 Juvenalis
695 2156 801 2189 aegre
817 2147 897 2189 fert,
921 2149 1018 2190 quod
1039 2150 1145 2182 maior
1162 2150 1275 2191 famae
1295 2149 1367 2181 sitis
1385 2150 1434 2180 eat
1452 2157 1550 2188 quam
1570 2146 1715 2178 virtutis.

154 2188 333 2239 Virtutem
357 2190 480 2225 Cicero
510 2200 651 2234 quoque
675 2190 810 2233 gloriae
840 2192 987 2235 opponit
1009 2202 1083 2236 rep.
1110 2192 1164 2227 VI.
1188 2194 1245 2234 253
1275 2191 1399 2226 scribit
1427 2190 1522 2225 enim
1551 2189 1716 2224 homines

152 2232 334 2285 illecebris
349 2235 465 2285 ipsi-us
478 2236 625 2269 virtutis
638 2235 733 2268 trahi
744 2235 792 2268 ad
805 2245 930 2269 verum
942 2236 1052 2270 decus
1069 2239 1246 2279 oportere3
1262 2236 1339 2278 quid
1354 2235 1392 2268 de
1406 2239 1436 2267 te
1452 2235 1513 2267 alii
1526 2234 1716 2275 loquantur,

153 2278 385 2355 mqmt'blpgl'.
407 2332 444 2372 p,
458 2279 650 2364 gptffggfie
665 2279 794 2372 ‘omffgs
805 2280 1146 2357 vSvtoihfioggtggerli
1154 2279 1356 2357 lhh‘iiiiibus
1378 2320 1566 2371 rhetorici-s
1590 2329 1716 2370 ornare

152 2363 332 2398 nolebant.
363 2364 596 2399 Posidonium
612 2365 758 2407 qmdem
774 2365 818 2399 de
835 2366 1024 2400 consulatu
1039 2376 1104 2400 suo
1126 2365 1420 2401 commentarium
1442 2366 1592 2398 maim
1606 2373 1716 2405 senp-

151 2407 272 2456 turum
298 2416 376 2441 esse
400 2408 521 2442 Cicero
546 2408 713 2450 sperabat
736 2409 783 2442 ad
805 2410 877 2443 Att.
902 2409 943 2443 11.
970 2413 982 2443 1
1010 2410 1069 2450 (cf.
1093 2409 1207 2444 Strab.
1230 2419 1264 2451 p.
1291 2409 1374 2448 147).
1421 2407 1520 2441 Idem
1549 2407 1587 2441 in
1615 2416 1717 2449 prae-

152 2448 288 2484 fatione
311 2451 574 2493 paradoxorum
603 2451 771 2486 catonem
795 2455 1063 2487 commemorat:
1086 2455 1107 2487 3
1132 2479 1138 2484 .
1164 2477 1171 2485 .
1195 2477 1203 2485 .
1227 2453 1305 2486 Cato
1321 2452 1410 2486 enim
1432 2451 1472 2484 de
1486 2450 1718 2493 maynitudine

152 2493 267 2533 animi,
290 2495 328 2528 de
350 2495 560 2534 continentia,
589 2495 628 2529 de
650 2498 765 2536 morte,
793 2496 831 2530 de
852 2498 945 2530 omni
970 2497 1067 2530 laude
1088 2497 1232 2534 virtutis,
1262 2496 1300 2529 de
1328 2495 1380 2529 dis
1406 2494 1657 2536 immortalibus,
1680 2494 1718 2527 de

150 2536 291 2585 caritate
319 2539 451 2581 patriae
478 2539 580 2573 Stoice
611 2540 688 2573 solet
721 2540 876 2574 oratoriis
907 2541 1111 2574 ornamentis
1141 2540 1295 2573 adhibitis
1328 2539 1444 2577 dicere,
1482 2549 1535 2581 eyo
1570 2538 1628 2572 tibi
1659 2538 1718 2571 illa

152 2589 225 2619 ipsa
249 2607 256 2614 .
282 2607 289 2615 .
315 2608 323 2615 .
346 2583 460 2616 ludens
480 2583 600 2616 conieci
621 2583 659 2615 in
682 2593 910 2617 communes
931 2585 1019 2618 locos.
1064 2583 1249 2618 Paradoxa
1276 2584 1400 2625 itaque
1424 2582 1605 2616 Ciceronis
1633 2584 1718 2615 sunt

151 2622 251 2658 clara
262 2626 460 2667 specimina
472 2626 580 2660 huius
595 2625 844 2669 philosophiae
860 2628 1042 2670 popularis
1058 2637 1139 2661 cum
1155 2627 1361 2670 eloquentia
1373 2627 1596 2667 coniunctae,
1609 2634 1716 2668 quam

151 2666 319 2753 colebagg
348 2669 644 2747 Sfenecqssgliique
676 2671 784 2713 atque
813 2672 921 2705 etiam
949 2671 1144 2705 Juvenalis.
1170 2671 1293 2713 (Kroll‚
1317 2670 1384 2705 Rh.
1406 2670 1449 2705 M.
1474 2669 1591 2704 LVIII.
1608 2668 1717 2708 581¹).

340 2723 360 2747 c
377 2740 385 2747 .
409 2724 443 2746 v.
533 2740 540 2747 .

282 2756 314 2797 7)
337 2756 399 2790 fin.
436 2759 466 2790 4.
481 2762 513 2786 22
550 2757 610 2797 (cf.
644 2758 729 2791 JuV.
765 2767 797 2789 v.
828 2758 917 2798 155);
960 2757 1049 2791 Lael.
1085 2759 1142 2798 '283
1182 2758 1241 2791 off.
1282 2761 1367 2799 1.38;
1403 2758 1476 2791 div.
1515 2759 1604 2795 l.4⁸;
1643 2757 1718 2788 252

151 2796 196 2830 cf.
223 2798 288 2834 Dio
312 2799 392 2834 Chr.
417 2800 519 2834 XXV.
538 2806 554 2830 ἰ’
578 2811 611 2844 p.
636 2802 714 2841 3133
743 2801 855 2835 LXIV.
867 2806 901 2832 24
924 2812 957 2844 p.
979 2801 1051 2835 213.
1097 2802 1193 2842 (Luc.
1218 2802 1302 2835 dial.
1329 2804 1432 2836 mort.
1458 2802 1521 2839 12).

1541 2868 1586 2900 4·
