1980 3097
867 148 1110 186 -50-

202 281 360 317 exstant
401 277 520 379 apud)
549 277 739 328 rhetores,
788 292 811 317 a
854 278 1098 331 philosophis
1141 292 1298 331 quoque
1345 285 1524 333 receptas
1566 293 1651 321 esse
1694 293 1772 319 non

203 333 382 384 ignotum
412 336 482 371 est.

335 386 459 425 Poeta
501 390 710 439 postquam
753 388 815 427 his
858 388 1048 440 exemplis
1085 388 1205 427 etiam
1248 401 1443 428 summam
1477 390 1712 442 potentiam*
1736 392 1775 428 et

202 441 479 481 auctoritatem
493 442 745 483 incommodo
766 456 852 483 esse
868 443 1114 491 monstravit,
1135 441 1411 493 eloquentiam
1428 457 1585 496 quoque
1605 445 1775 484 maxime

203 510 228 534 a
256 496 390 535 multis
422 500 597 548 optatam
627 496 809 537 Ciceroni
842 510 888 536 ac
920 497 1180 536 Demostheni
1216 496 1313 536 nihil
1345 497 1542 549 profuisse
1577 499 1773 538 admonet.

203 550 446 590 Rhetoribus
493 564 583 590 cum
625 552 871 604 philosophis
918 552 1134 603 antiquitus
1177 553 1463 591 controversias
1509 553 1633 592 fuisse
1674 554 1777 599 inter

203 618 342 644 omnes
375 609 540 644 constat.
599 606 703 649 Quin
739 608 858 645 etiam
892 607 932 652 ii,
977 607 1045 657 qui
1077 606 1245 645 multum
1279 606 1424 645 debent
1455 607 1531 646 arti
1566 608 1774 656 oratoriae,

201 672 293 698 eam
321 660 435 712 parvi
454 659 606 700 faciunt
633 664 677 701 ut
695 660 813 710 Dio2)
844 665 883 700 et
903 661 1055 701 Seneca
1083 674 1143 713 ep.
1169 662 1306 704 14.11:
1335 658 1531 699 Forensis
1551 660 1777 709 eloquentia

204 716 243 751 et
272 725 545 762 quaecumque
581 713 665 753 alia
687 715 891 765 populum
923 717 1051 753 movet
1086 713 1338 753 adversarios
1373 713 1499 752 habet.
1556 715 1776 755 Nonnullos

202 769 454 819 eloquentiae
495 769 642 809 fiducia
675 770 831 822 prolabi
864 770 970 809 idem
1012 770 1146 809 scribit
1189 769 1237 808 de
1275 774 1320 808 tr.
1366 782 1428 808 an.
1457 769 1525 808 VI.
1543 770 1581 810 3.
1638 769 1776 821 Neque

203 828 338 862 tamen
366 824 452 875 ipse
485 837 646 875 prorsus
676 825 827 877 spernit
860 828 986 863 artem
1014 824 1181 863 dicendi.
1240 824 1371 874 thue
1399 824 1594 862 rhetorice
1629 824 1776 874 scribit,

203 878 259 915 ita
300 878 459 929 saepius
494 878 621 928 docet,
650 879 846 930 quomodo
877 878 1133 931 philosophus
1175 878 1306 918 dicere
1340 878 1493 928 debeat,
1538 882 1577 918 et
1610 877 1778 918 Fabiani

203 932 339 971 stilum
373 946 397 972 a
431 932 584 972 Lucilio
619 934 886 986 vituperatum
920 933 1153 982 defenditss)
1210 932 1321 976 Quae
1358 946 1447 971 cum
1482 934 1537 971 ita
1571 933 1660 980 sint,
1696 947 1776 971 non

205 987 339 1032 miror,
370 987 475 1037 quod
494 987 521 1025 J
523 988 701 1026 uvenalis
721 989 762 1026 in
782 1001 830 1026 ea
849 989 936 1039 ipsa
955 988 1160 1038 particula,
1188 999 1266 1038 qua
1284 986 1509 1026 hominibus
1529 986 1777 1048 eloquentiae

203 1040 453 1080 studentibus
480 1040 654 1091 insultat,
685 1042 875 1094 exemplis
903 1042 1027 1081 utitur
1055 1042 1160 1093 apud
1188 1042 1366 1081 rhetores
1394 1040 1690 1093 pervulgatus.4)

339 1094 542 1134 Ciceronis
571 1097 838 1136 miserabilem
874 1101 1041 1135 mortem
1071 1097 1222 1135 Seneca
1250 1100 1401 1134 maeret
1429 1096 1478 1134 de
1506 1099 1553 1134 tr.
1585 1109 1648 1134 an.
1684 1097 1776 1138 16.1

206 1147 406 1197 Sequetur
443 1161 558 1198 pars,
603 1162 705 1198 quae
747 1150 846 1189 solet
888 1162 969 1188 non
1011 1148 1211 1187 immerito
1254 1147 1491 1188 contristare
1537 1182 1544 1189 .
1578 1181 1586 1188 .
1620 1180 1627 1187 .
1660 1179 1667 1186 .
1708 1148 1778 1188 ubi

207 1202 401 1242 bonorum
436 1202 572 1242 eoeitus
606 1203 706 1243 mali
739 1206 856 1243 sunt:
890 1206 937 1242 ut
968 1236 974 1243 .
1009 1235 1016 1241 .
1050 1235 1056 1241 .
1089 1202 1244 1253 cogitur
1275 1234 1282 1240 .
1316 1234 1323 1241 .
1357 1234 1364 1241 .
1397 1202 1534 1242 Cicero
1563 1202 1777 1241 clientibus

205 1256 293 1295 suis
323 1257 518 1306 praebere
555 1257 789 1308 cervicem5)
824 1259 873 1298 cf.
905 1259 955 1298 ad
989 1259 1108 1297 Marc.
1131 1259 1247 1305 20.5;
1282 1258 1331 1297 de
1365 1259 1424 1296 ira
1457 1257 1508 1296 II.
1547 1260 1618 1301 23
1650 1258 1777 1302 Quem

205 1312 246 1350 in
281 1325 325 1351 re
358 1312 518 1363 publica
559 1313 703 1353 multas
744 1314 970 1353 inimicitias
1010 1313 1227 1364 suscepisse
1268 1312 1419 1352 Seneca
1454 1313 1549 1352 dicit
1585 1313 1634 1351 de
1668 1313 1776 1352 brev.

206 1380 243 1405 v.
276 1367 344 1408 5.1
387 1365 445 1406 M.
478 1365 615 1406 Cicero
656 1367 762 1406 inter
803 1366 1017 1416 Catilinas,
1065 1365 1224 1406 Clodios
1264 1365 1440 1405 iactatus
1486 1364 1777 1416 Pompeiosque

207 1423 245 1458 et
270 1419 449 1470 Crassos,
472 1420 630 1470 partim
659 1421 896 1472 manifestos
927 1420 1124 1470 inimicos,
1149 1419 1307 1471 partim
1325 1420 1467 1460 dubios
1499 1419 1658 1470 amicos,
1680 1420 1778 1459 dum

205 1474 433 1523 fluctuatur
462 1487 554 1514 cum
573 1488 616 1514 re
641 1476 810 1526 publica
838 1479 876 1514 et
895 1475 1012 1514 illam
1035 1488 1203 1525 pessum
1231 1478 1391 1514 euntem
1417 1477 1534 1523 tenet,
1565 1474 1778 1514 novissime

208 1528 418 1578 abductus,
462 1542 534 1568 nec
576 1530 766 1568 secundis
808 1530 928 1568 rebus
967 1529 1127 1578 quietus
1171 1541 1242 1567 nec
1284 1528 1563 1567 adversarium
1601 1527 1777 1578 patiens,

204 1582 391 1633 quotiens
419 1582 538 1621 illum
572 1583 710 1633 ipsum
739 1584 995 1623 consulatum
1023 1596 1145 1622 suum
1179 1596 1260 1622 non
1294 1582 1381 1621 sine
1416 1594 1552 1631 causa,
1588 1584 1659 1621 sed
1691 1581 1778 1621 sine

204 1636 287 1684 fine
318 1636 532 1676 laudatum
562 1638 785 1677 detestatur
814 1644 886 1678 etc.
918 1639 968 1678 cf.
996 1639 1086 1677 Juv.
1119 1652 1154 1676 v.
1180 1637 1306 1688 1226)
1338 1660 1388 1664 -

339 1689 533 1733 Bellicam
550 1691 720 1744 gloriam
742 1694 810 1745 qui
830 1694 1125 1745 concupiscunt,
1147 1697 1263 1744 poeta
1276 1693 1454 1744 increpat
1468 1706 1531 1730 vv.
1554 1691 1777 1730 133—187.

218 1767 259 1773 --
290 1746 343 1784 At
371 1747 601 1799 priusquam
640 1749 681 1786 in
721 1749 878 1800 singula
905 1748 1163 1800 inquiramus,
1205 1747 1300 1786 utile
1341 1747 1437 1786 mihi
1465 1747 1623 1785 videtur
1660 1759 1780 1798 quam

207 1801 440 1840 brevissime
468 1815 678 1854 exponere,
708 1803 804 1854 quid
831 1803 1056 1854 philosophi
1085 1803 1133 1840 de
1158 1802 1284 1853 gloria
1312 1803 1399 1853 ipsa
1427 1802 1631 1840 senserint.
1643 1801 1674 1849 ⁷)
1720 1800 1780 1839 Ne

207 1859 385 1907 repetam
406 1869 465 1904 ea,
487 1869 589 1907 quae
603 1857 764 1896 Norden
781 1857 939 1908 collegit
959 1857 1052 1904 (ann
1069 1856 1162 1908 phil.
1180 1856 1306 1908 suppl.
1322 1855 1464 1895 XVIII
1479 1869 1516 1907 p.
1531 1854 1664 1904 3408),
1684 1855 1781 1894 haec

207 1908 412 1949 Ciceronis
464 1912 719 1963 Senecaeque
765 1912 989 1951 testimonia
1023 1912 1164 1950 affero:
1218 1911 1308 1950 Sen.
1346 1910 1596 1962 ep.123.16:
1638 1908 1781 1947 Gloria

207 1976 360 2002 vanum
389 1966 427 2002 et
454 1964 626 2003 volubile
656 1965 851 2014 quiddam
879 1968 937 2004 cst
967 1977 1148 2014 auraque
1167 1963 1368 2003 mobilius.
1400 1965 1467 2011 (cf.
1489 1965 1514 2003 J
1519 1978 1581 2002 uv.
1603 1977 1665 2002 vv.
1691 1965 1779 2003 163.

211 2020 299 2057 172.
335 2018 442 2068 185).
510 2020 557 2058 In
586 2022 948 2072 perturbationibus
978 2020 1099 2060 animi
1119 2020 1268 2073 gloriae
1296 2019 1551 2073 cupiditatem
1572 2022 1782 2058 numerant

209 2073 353 2113 Stoici:
403 2072 659 2125 Chrysippus
687 2075 849 2124 quidem
878 2078 916 2113 ct
944 2075 1147 2124 Dioqenes
1178 2106 1185 2113 .
1218 2105 1226 2113 .
1259 2105 1267 2113 .
1299 2105 1307 2113 .
1339 2086 1388 2112 ne
1418 2072 1592 2122 diyitum
1620 2071 1782 2121 quidem

344 2171 374 2211 1)
398 2172 456 2205 Ar.
482 2170 553 2205 eth.
578 2171 618 2205 N.
640 2172 781 2209 11601’7.
815 2171 934 2214 [Plan]
969 2174 1026 2205 141
1055 2171 1134 2206 ΠΕ.
1171 2171 1242 2205 Cic.
1270 2171 1329 2205 off.
1360 2171 1455 2204 112⁶.
1497 2169 1576 2204 Seu.
1606 2170 1686 2203 beu.
1709 2169 1781 2203 VII.

213 2218 261 2249 19.
271 2221 296 2250 5,
320 2215 361 2249 ir.
388 2215 430 2249 Il.
451 2218 522 2250 5.1;
551 2215 653 2249 clem.
685 2216 697 2249 l
718 2219 767 2257 12,
794 2219 844 2249 19.
859 2221 884 2251 6,
907 2218 965 2256 26;
1002 2216 1042 2249 11.
1059 2219 1104 2248 4³
1141 2216 1200 2257 (cf.
1227 2215 1300 2248 ind.
1323 2214 1416 2256 tyn).
1465 2213 1568 2247 Philo
1591 2213 1623 2246 H
1647 2214 1711 2246 640
1728 2222 1780 2255 sq.

208 2258 302 2292 Plut.
326 2268 370 2292 an
396 2259 514 2293 vitios.
545 2259 592 2292 ad
620 2259 718 2292 infel.
750 2259 864 2293 suffic.
887 2261 918 2292 2.
962 2259 1054 2293 Plut.
1084 2259 1179 2292 adul.
1210 2260 1245 2292 et
1273 2267 1340 2292 am.
1370 2259 1418 2291 12.
1464 2257 1577 2299 Epict.
1607 2256 1661 2289 lV.
1689 2259 1715 2289 1.
1733 2261 1781 2296 863

211 2301 253 2335 M.
283 2303 367 2336 Aur.
389 2305 480 2344 3.16;
513 2304 543 2336 9.
562 2307 604 2335 29.
654 2303 733 2336 Luc.
762 2303 851 2337 Men.
878 2306 933 2344 17;
969 2303 1034 2336 Dio
1064 2302 1144 2335 Chr.
1166 2302 1222 2335 VI.
1245 2303 1287 2335 35
1306 2311 1358 2344 sq.
1395 2311 1428 2343 p.
1454 2302 1513 2334 102
1545 2299 1655 2339 LXII;
1690 2299 1780 2333 Max.

210 2346 291 2387 Tyr.
313 2346 356 2379 35
381 2346 462 2387 (19),
480 2351 534 2381 1.2·
581 2346 623 2379 cf.
654 2346 750 2380 Stob.
778 2347 855 2381 flor.
877 2348 930 2380 49.
970 2365 1005 2369 -
1039 2345 1121 2380 Juv.
1143 2348 1220 2379 4.ae
1241 2355 1292 2388 sq.
1317 2347 1347 2378 8.
1360 2350 1401 2379 81,
1411 2349 1523 2378 193,211
1539 2353 1591 2385 sq.
1621 2345 1713 2376 10.15
1729 2352 1781 2384 sq.

210 2389 362 2423 Neronis
399 2390 539 2429 flagitia
580 2390 618 2422 in
659 2399 788 2432 pueros
822 2390 998 2424 formosos
1040 2389 1232 2423 commissa
1265 2389 1419 2429 castigat
1454 2387 1494 2421 D.
1530 2387 1610 2420 Chr.
1643 2385 1731 2419 XXI.
1762 2388 1781 2418 6

212 2443 243 2475 p.
265 2432 378 2466 2991).
429 2433 474 2466 cf.
503 2433 585 2466 Juv.
616 2435 664 2467 10.
689 2438 737 2464 306
764 2442 816 2474 sq.
841 2433 936 2474 (Seu.
960 2432 1002 2466 fr.
1019 2434 1086 2472 34.)
1111 2451 1150 2456 —-
1175 2443 1208 2465 v.
1234 2432 1270 2466 E.
1294 2432 1422 2465 Weber
1445 2430 1541 2464 stud.
1565 2429 1781 2472 1.ips.x.91.

344 2477 378 2515 2)
403 2476 446 2510 cf.
467 2476 586 2510 XXIV.
600 2478 620 2510 3
642 2487 676 2519 p.
692 2478 768 2510 310.
901 2479 935 2516 3)
959 2486 1038 2519 epp.
1058 2477 1192 2517 100‚5·2.

268 2519 377 2603 l3O)¹1)
401 2520 444 2554 cf.
464 2519 608 2563 [Quint]
635 2521 725 2555 decl.
747 2523 826 2556 268:
858 2521 935 2555 Val.
954 2520 1043 2554 Max.
1066 2520 1114 2553 ΠΙ
1133 2524 1163 2553 4.
1184 2520 1255 2554 Ε.2;
1277 2520 1357 2553 Luc.
1377 2519 1467 2553 rhet.
1486 2527 1602 2561 praec.
1626 2519 1663 2551 10
1681 2517 1781 2557 (Juv.

211 2573 244 2595 V.
345 2589 353 2596 .

345 2607 380 2645 5)
405 2595 505 2640 chv.
532 2609 602 2641 120.
1602 2633 1606 2636 .

343 2651 377 2691 6)
400 2650 493 2684 Plut.
517 2650 562 2684 de
585 2661 623 2685 se
646 2652 710 2694 ips.
730 2653 807 2686 citr.
824 2652 896 2685 inv.
913 2651 1010 2686 laud.
1028 2654 1048 2684 4
1065 2661 1097 2693 p.
1117 2653 1181 2685 540
1205 2651 1240 2684 F.
1286 2650 1545 2684 Demosthenes
1570 2658 1588 2683 a
1615 2648 1783 2682 Cicerone

212 2694 438 2736 vituperatur
460 2694 564 2728 Tusa.
587 2695 626 2728 V.
655 2697 725 2735 103,
750 2696 844 2737 quod
870 2695 1095 2737 eloquentiae
1118 2695 1213 2727 tama
1239 2694 1366 2727 elatior
1387 2693 1504 2726 fuerit.

345 2738 378 2778 7>
404 2738 448 2771 cf.
473 2738 518 2771 de
541 2739 677 2779 Arnim,
702 2739 807 2772 Stoic.
834 2742 902 2772 vet.
927 2739 1128 2781 fragmenta
1155 2737 1199 2771 111
1226 2737 1268 2770 fr.
1296 2738 1416 2779 159sq.
