1980 3097
320 246 502 298 Longum
532 249 592 285 est
620 258 818 296 enarrare,
849 247 1045 299 quomodo
1074 246 1227 298 reliqua
1256 246 1388 285 omnia
1418 247 1514 286 vitia
1541 247 1757 300 impugnet.

188 302 328 352 Itaque
356 314 461 339 nunc
482 301 578 339 mihi
598 300 693 339 satis
713 305 772 339 est
786 305 866 340 tres
895 306 1049 341 saturas
1068 306 1249 348 tractare,
1269 313 1370 353 quae
1389 305 1547 353 praeter
1566 302 1759 342 decimam

189 360 372 408 quartam
387 356 559 395 maxime
574 355 625 395 ad
640 355 931 408 philosophiam
945 357 1176 409 popularem
1193 359 1370 408 spectare
1384 356 1481 395 mihi
1496 357 1690 397 videntur.
1708 379 1758 385 -

613 625 751 674 Vana
788 553 1041 676 homiriffm
1079 626 1333 676 desideria

187 715 368 755 decima
409 718 570 753 satura
612 714 897 767 vituperantur.
956 715 1209 768 Quantopere
1251 715 1312 754 hic
1353 719 1486 755 noster
1515 728 1604 754 cum
1632 716 1759 767 philo-

188 771 322 822 sophis
350 769 608 821 popularibus
638 771 848 821 conspiret,
892 770 1092 809 neminem
1134 771 1270 822 fugiet.
1283 770 1309 819 ¹)
1366 769 1505 821 Neque
1541 770 1644 809 enim
1675 770 1760 809 fieri

187 825 327 877 potuit,
358 824 453 876 quin
475 823 625 876 Cynici,
655 824 937 864 continentiam
965 825 1137 864 maxime
1166 839 1251 865 esse
1272 825 1530 877 expetendam
1556 829 1761 865 censentes

188 894 256 920 eos
285 880 540 919 vehementer
566 880 864 928 insectarentur,
896 879 963 931 qui
988 880 1070 919 suis
1090 882 1267 920 contenti
1286 893 1371 919 esse
1391 880 1610 919 nescientes
1630 880 1761 919 aliena

188 938 434 987 appeterent.
474 934 586 972 Idem
606 938 738 972 autem
758 933 990 983 Horatius2)
1010 938 1049 972 et
1068 933 1267 983 Persiusss)
1288 935 1567 973 disseruerunt.
1609 934 1761 974 Tamen

187 1003 279 1029 cum
307 989 504 1028 Juvenale
533 988 631 1027 adeo
661 1001 739 1028 non
769 992 1003 1040 congruunt,
1047 992 1090 1027 ut
1119 1002 1210 1028 eum
1238 989 1289 1028 ad
1331 990 1505 1029 carmina
1532 990 1689 1028 illorum
1719 1003 1760 1028 se

189 1058 266 1084 non
297 1044 557 1095 applicavisse
597 1048 777 1094 apertum
806 1042 903 1088 sit.4)
961 1042 1104 1081 Utrum
1144 1048 1277 1082 autem
1316 1042 1575 1091 rhetoribus5)
1612 1044 1675 1082 hic
1710 1056 1760 1082 an

187 1098 432 1150 philosophis
473 1097 589 1148 plura
618 1097 772 1146 debeat,
816 1109 920 1136 nunc
960 1097 1001 1135 in
1031 1097 1151 1136 dubio
1181 1098 1414 1149 relinquam.
1473 1098 1550 1136 Sed
1580 1098 1612 1137 si
1640 1099 1759 1137 finem

187 1157 345 1192 saturae
376 1152 657 1202 aspexerimus,
687 1152 857 1190 elucebit
884 1156 1041 1202 poetam
1070 1152 1200 1202 ipsum
1229 1153 1395 1191 moralia
1413 1156 1623 1203 praecepta
1652 1165 1760 1190 more

187 1207 512 1258 philosophorum
532 1206 627 1244 dare
648 1206 831 1244 voluisse.
880 1205 930 1243 Et
949 1205 1125 1257 profecto
1145 1206 1356 1245 nonnullas
1381 1206 1528 1245 similes
1548 1206 1761 1245 sententias

188 1275 209 1300 e
240 1261 415 1300 Senecae
444 1259 599 1311 scriptis
643 1264 819 1311 sumptas
847 1260 1132 1299 Friedlaender
1161 1259 1416 1311 congessit⁶);
1456 1261 1560 1299 idem
1590 1261 1762 1299 breviter

188 1316 392 1355 annotavit
434 1319 612 1353 nostrum
652 1315 791 1352 iisdem
834 1315 1024 1366 exemplis
1068 1315 1137 1362 uti,
1191 1318 1235 1352 ut
1273 1315 1488 1354 illustraret
1530 1315 1759 1354 orationem.

188 1370 340 1409 Tamen
386 1368 575 1408 Lehrsius
621 1369 723 1409 hanc
770 1372 946 1408 saturam
997 1369 1255 1408 fundamento
1302 1370 1570 1422 philosophico
1627 1383 1761 1409 carere

186 1423 426 1472 iudicavit.⁷)
484 1424 599 1468 Quod
629 1429 671 1462 ut
699 1425 981 1472 examinemus,
1029 1425 1184 1474 singula
1226 1425 1562 1475 perscrutabimur
1603 1430 1758 1463 etcum

188 1479 511 1532 philosophorum
541 1479 673 1518 verbis
703 1479 1031 1531 comparabimus.
1760 1495 1763 1497 >

320 1534 498 1574 Primum
539 1533 745 1574 Juvenalis
783 1547 900 1585 aegre
943 1534 1031 1582 fert,
1069 1534 1175 1585 quod
1218 1534 1396 1572 homines
1439 1548 1550 1573 vera
1587 1535 1708 1573 bona
1737 1548 1760 1573 a

189 1590 323 1628 malis
367 1602 458 1627 non
498 1588 824 1636 diseernantss)
896 1588 1010 1632 Quod
1055 1589 1286 1640 saepissime
1329 1601 1352 1627 a
1390 1588 1633 1641 philosophis
1679 1589 1759 1628 dis-

188 1647 369 1696 putatum
402 1656 488 1683 esse
523 1657 638 1683 nemo
674 1644 840 1695 ignorat.
900 1643 1003 1682 Satis
1038 1645 1088 1682 sit
1123 1644 1219 1682 haec
1255 1644 1436 1694 exempla
1471 1644 1631 1682 afferre:
1663 1644 1753 1682 Sen.

188 1712 249 1750 ep.
281 1700 380 1740 45.6
415 1697 499 1735 Pro
536 1696 648 1735 bonis
680 1697 791 1735 mala
826 1695 1131 1746 amplectimur;
1167 1698 1353 1745 optamus
1388 1699 1528 1735 contra
1563 1696 1618 1746 id,
1650 1697 1757 1746 quod

190 1750 438 1801 optavimus;
481 1753 673 1801 puynant
714 1754 804 1790 vota
847 1753 986 1790 nostra
1029 1763 1119 1789 cum
1162 1750 1275 1799 votis,
1320 1750 1490 1790 consilia
1534 1763 1625 1790 cum
1669 1764 1758 1791 con-

186 1805 295 1845 siliis
326 1836 497 1844 .....
529 1806 635 1854 doce,
670 1805 1007 1854 quemadmodum
1042 1804 1145 1843 hane
1174 1804 1487 1843 similitudinem
1511 1805 1667 1855 possim
1699 1806 1759 1844 dz'-

188 1873 349 1901 noscere
379 1875 460 1913 eqs.
492 1861 541 1900 cf.
573 1874 632 1913 ep.
668 1861 779 1903 1185
803 1875 859 1912 sq.
893 1883 942 1888 —
974 1862 995 1899 7
1029 1857 1176 1898 Omnes
1206 1862 1342 1898 autem
1368 1860 1473 1898 male
1505 1860 1620 1899 habet
1649 1860 1758 1911 ἐρησ-

189 1915 328 1955 rantia
356 1914 463 1962 veri,·
493 1917 700 1964 tamquam
730 1914 782 1953 ad
812 1914 913 1953 bona
931 1914 1125 1963 feruntur
1151 1913 1305 1964 decepti
1326 1914 1586 1954 rumoribus:
1616 1914 1760 1954 deinde

324 2013 355 2050 1)
381 2013 424 2046 cf.
443 2012 566 2054 [Plat]
584 2012 659 2046 Alc.
679 2012 724 2053 113
752 2012 831 2046 Luc.
850 2012 995 2046 Icarom.
1013 2014 1064 2050 25,
1082 2021 1162 2045 nav.
1183 2013 1221 2045 16
1238 2021 1290 2054 sq.
1338 2012 1464 2046 Euseb.
1481 2021 1537 2055 ap.
1555 2012 1651 2047 Stob.
1673 2016 1761 2046 l.103

189 2057 246 2097 (ll.
271 2067 304 2099 p.
329 2057 396 2097 52).
443 2056 521 2090 Seu.
548 2056 648 2090 Herc.
672 2057 739 2090 tur.
769 2058 827 2090 162
852 2065 903 2098 sq.
951 2055 1073 2097 [Clem.
1099 2056 1153 2089 Al.
1178 2058 1299 2090 strom.
1327 2056 1401 2089 V11.
1425 2057 1460 2089 14
1485 2066 1537 2097 sq.
1584 2056 1676 2090 Petr.
1693 2057 1759 2098 88].

191 2120 229 2124 —
254 2101 345 2135 Plat.
370 2110 425 2142 op.
451 2100 505 2134 ed.
530 2100 727 2133 Stallbaum
756 2099 792 2131 V.
822 2104 832 2132 ι
862 2110 893 2142 p.
919 2101 998 2139 3443
1024 2099 1106 2132 Luc.
1130 2109 1185 2141 op.
1211 2099 1264 2132 ed.
1292 2099 1474 2133 Fritzsche
1499 2100 1539 2133 H.
1564 2101 1583 2132 2
1607 2110 1640 2142 p.
1664 2101 1694 2133 3.

320 2144 353 2182 2)
378 2145 444 2177 sat.
472 2144 496 2177 1.
525 2146 537 2176 1
565 2143 609 2177 cf.
635 2143 672 2177 R.
699 2143 840 2182 Heium,
865 2143 910 2176 de
937 2143 1016 2176 Hor.
1042 2142 1077 2175 B.
1101 2143 1192 2176 imit.
1216 2153 1247 2185 p.
1278 2144 1326 2176 15.

324 2189 357 2225 3)
382 2189 448 2221 sat.
472 2189 504 2220 2.

320 2231 353 2271 4)
378 2230 399 2264 J
403 2230 565 2264 uvenalis
584 2232 743 2263 saturam
763 2239 804 2263 ac
822 2229 1074 2271 MaximiTyrii
1093 2229 1384 2263 dissertationem
1403 2229 1629 2264 undecimam
1644 2230 1760 2271 (XXX)

191 2273 237 2307 ad
261 2275 414 2308 eundem
432 2277 612 2308 auctorem
637 2274 860 2308 reducendas
884 2283 962 2307 esse
987 2273 1075 2306 mihi
1093 2283 1162 2307 non
1187 2274 1276 2307 satis
1300 2273 1482 2315 probatur,
1506 2283 1588 2307 cum
1611 2274 1649 2307 id
1665 2274 1761 2316 quod

192 2318 372 2351 Fritzsche
407 2318 453 2351 ad
489 2318 582 2351 hanc
617 2318 861 2351 coniecturam
896 2317 1177 2350 confirmandam
1217 2317 1322 2350 affert
1347 2316 1444 2357 (Luc.
1468 2326 1524 2360 op.
1551 2317 1590 2350 ΙΙ.
1613 2318 1634 2350 2
1658 2327 1689 2360 p.
1714 2318 1760 2358 4),

190 2361 269 2403 ipsa
293 2361 443 2395 materia
466 2361 667 2395 necessario
691 2361 878 2395 efficiatur.
928 2360 1033 2393 Varia
1057 2360 1152 2394 enim
1176 2362 1261 2394 sunt
1287 2362 1369 2394 vota
1392 2360 1589 2401 hominum,
1614 2361 1760 2395 uberius

189 2405 302 2446 igitur
330 2404 596 2447 pertractanda;
632 2414 717 2439 vera
754 2405 848 2439 bona
871 2413 1049 2447 perpauca
1083 2406 1167 2438 sunt
1197 2407 1233 2438 et
1256 2413 1328 2438 una
1364 2405 1497 2438 virtute
1532 2405 1759 2446 acquirenda.

189 2448 292 2488 Quod
315 2450 434 2481 autem
459 2449 712 2489 gravissimum
729 2451 793 2489 est,
817 2448 954 2481 satirici
977 2457 1118 2489 semper
1140 2448 1321 2481 erroribus
1345 2448 1515 2490 vitiisque
1541 2448 1760 2490 castigandis

190 2492 308 2534 magis
324 2491 470 2525 student
487 2501 593 2534 quam
610 2492 740 2526 animis
757 2491 953 2526 errantium
971 2491 1202 2534 corrigendis.
1239 2491 1426 2526 Praeterea
1442 2492 1652 2534 sententiae,
1669 2501 1760 2535 quae

190 2537 286 2570 inter
308 2536 432 2570 ambos
457 2538 667 2577 congruunt,
690 2537 761 2570 loci
785 2545 991 2570 communes
1014 2538 1108 2569 sunt.

322 2580 357 2663 53
381 2579 424 2613 cf.
440 2580 635 2621 Hertzberg
650 2581 686 2613 in
701 2582 889 2613 comment.
907 2580 1083 2613 versionis
1100 2579 1144 2613 ab
1159 2578 1199 2612 H.
1217 2580 1253 2612 et
1265 2578 1437 2613 Teuffelio
1450 2579 1576 2621 factae,
1593 2588 1673 2622 pag.
1687 2581 1759 2613 282.

323 2626 341 2656 6
406 2647 414 2655 .
438 2625 512 2657 451.

322 2668 356 2707 7)
380 2633 426 2701 gf.
451 2666 576 2701 Friedl.
601 2678 634 2709 p.
659 2669 730 2701 453.

320 2712 355 2751 8)
381 2721 412 2744 V.
438 2712 522 2753 2sq.
