1980 3097
890 139 1132 178 —ssofl

219 269 415 318 adversiS,
433 269 534 308 hanc
554 282 694 308 vocem
714 268 932 316 secundum
952 282 1174 309 sermonem
1194 269 1400 321 vulgarem
1425 283 1636 322 usurpasse
1656 268 1794 309 Fried-

220 324 386 363 laender
414 323 704 363 animadvertit.
716 323 745 369 ¹)
803 324 853 363 cf.
884 326 1017 368 7.197:

362 398 409 438 Si
436 398 606 448 fortuna
633 398 748 448 volet,
777 398 851 447 fies
879 399 928 438 de
956 399 1113 439 rhetore
1143 399 1301 439 consul:

360 452 398 491 si
425 453 527 492 volet
555 453 651 491 haec
680 453 831 500 eadem,
860 452 930 501 fiet
958 453 1006 492 de
1036 454 1196 493 consule
1226 453 1369 492 rhetor.

361 506 570 546 Ventidius
599 505 699 556 quid
728 506 864 546 enim?
892 506 993 557 quid
1020 507 1210 547 Tullius?
1240 520 1344 546 anne
1376 506 1490 546 aliud
1520 519 1642 556 quam

361 560 478 599 sidus
507 564 545 600 et
575 560 698 600 oculta·
725 560 920 600 miranda
943 561 1128 611 potentia
1155 560 1262 611 fati?

221 637 275 676 cf.
307 638 499 680 3-34—40·
559 635 715 675 Locum
754 637 802 675 de
842 635 1038 676 varietate
1071 636 1310 687 fortunafi),
1344 651 1422 677 non
1459 637 1586 676 solum
1619 637 1795 676 rhetores

221 692 294 730 sed
321 693 440 730 etiam
466 692 703 744 philosophi,
730 692 877 744 quippe
903 693 970 744 qui
990 693 1134 731 virtute
1153 693 1354 732 fortunam
1379 693 1537 731 vincere
1556 690 1795 739 volebant3),

227 759 353 798 usque
384 746 433 785 ad
460 746 633 785 taedium
659 745 942 798 1·epetebant.4)
991 747 1041 786 cf.
1062 747 1147 787 Tel.
1174 747 1234 786 ed.
1255 747 1307 786 H.
1334 760 1372 799 p.
1394 748 1465 795 403
1490 747 1586 786 Luc.
1613 746 1722 798 Nigr.
1744 745 1798 784 20

224 803 351 840 ἔνεστι
386 801 429 839 δὲ
467 832 474 839 .
513 832 520 839 .
560 833 567 840 .
606 832 613 839 .
659 803 728 840 καὶ
770 807 846 840 τῶν
880 807 951 852 τῆς
984 803 1107 854 τύχης
1141 802 1308 853 ἀγαθῶν
1343 807 1603 853 καταφρονεῖν
1644 801 1796 852 ὁρῶντα

223 857 359 906 ὥσπερ
396 856 436 894 ἐν
473 862 604 907 σκηνῇ
638 887 645 894 .
678 887 685 894 .
718 887 726 894 .
760 886 766 893 .
797 858 863 894 τὸν
900 857 969 907 μὲν
1005 856 1046 903 ἐξ
1074 857 1225 895 οἰκέτου
1261 856 1457 906 δεσπότην
1495 855 1693 907 προϊόντα,
1730 857 1795 893 τὸν

225 910 351 948 δ’ἀντί
385 910 574 948 πλουσίου
608 910 773 960 πένητα,
802 912 867 948 τὸν
894 911 937 948 δὲ
968 911 1177 962 σατράπην
1204 911 1251 948 ἐκ
1276 910 1441 961 πένητος
1465 911 1491 961 ἢ
1518 909 1684 962 βασιλέα
1709 909 1793 947 κτλ.

227 964 433 1013 Dubitavi,
455 978 550 1003 num
571 964 765 1003 sideribus
784 965 906 1003 vitam
927 965 1143 1004 humanam
1164 965 1352 1004 destinari
1367 965 1519 1004 ratione
1535 964 1755 1003 Stoicorum
1765 962 1796 1010 ⁵)

230 1017 498 1066 credid'eriffl),
537 1031 625 1056 cum
656 1019 730 1056 hoc
758 1018 923 1056 verbum
957 1023 1051 1057 tunc
1080 1019 1224 1058 aetatis
1252 1019 1291 1057 in
1322 1019 1499 1058 omnium
1533 1031 1600 1057 ore
1629 1022 1732 1057 esset
1760 1022 1799 1055 et

218 1072 431 1112 ..Iuvenalis
460 1073 544 1124 ipse
574 1086 730 1125 quoque
759 1073 978 1124 astrologos
1007 1074 1141 1113 irrisos
1169 1072 1388 1122 haberet.⁷)
1419 1095 1469 1101 —

355 1128 552 1171 Quoniam
568 1129 777 1166 statuimus
796 1132 853 1166 tot
873 1129 1088 1167 sententias
1108 1129 1284 1166 decimae
1306 1133 1462 1167 saturae
1490 1141 1578 1166 cum
1606 1126 1795 1165 hortatio-

223 1182 338 1221 nibus
353 1186 391 1220 et
402 1182 556 1234 placitis
573 1182 897 1234 philosophorum
919 1195 1148 1234 congruere,
1161 1186 1316 1234 tempus
1336 1186 1395 1222 est
1415 1194 1618 1234 quaerere,
1638 1184 1796 1220 rectene

224 1237 273 1274 de
303 1250 350 1275 ea
380 1250 403 1275 a
431 1237 598 1275 Lehrsio
628 1238 678 1275 sit
706 1237 934 1276 iudicatum.
993 1239 1051 1275 Ac
1086 1238 1258 1288 primum
1293 1241 1468 1275 saturam
1503 1236 1633 1275 colore
1668 1235 1795 1286 philo-

218 1291 385 1342 sophico
420 1290 595 1338 careress)
630 1291 858 1342 negandum
892 1295 962 1330 est.
1031 1291 1185 1330 Deinde
1225 1291 1405 1343 exempla
1440 1289 1718 1330 Demosthenis
1754 1294 1797 1328 et

224 1344 430 1384 Ciceronis
449 1358 528 1384 non
548 1350 627 1384 tam
649 1346 819 1397 insipida
839 1350 931 1384 sunt
950 1359 1069 1396 quam
1090 1346 1254 1384 Lehrsio
1274 1346 1468 1384 videntur.
1508 1344 1796 1383 Demosthenes

224 1400 330 1438 enim
365 1404 404 1437 et
433 1398 586 1450 Cicero,
620 1400 697 1438 nisi
731 1413 886 1439 summa
921 1400 1150 1451 eloquentia
1184 1404 1341 1452 praeter
1374 1404 1526 1439 ceteros
1559 1399 1795 1446 floruissent,

225 1468 304 1493 non
319 1455 489 1493 multum
505 1455 554 1493 ad
569 1468 653 1493 rem
669 1455 868 1506 publicam
886 1455 1239 1494 administrandam
1253 1456 1480 1494 valuissent.
1510 1455 1796 1493 Auctoritatem

220 1513 370 1558 autem,
410 1522 531 1560 quam
568 1510 623 1548 sic
661 1509 831 1548 assecuti
867 1512 991 1557 erant,
1029 1509 1077 1548 iis
1112 1509 1300 1561 perniciei
1336 1509 1459 1548 fuisse
1495 1522 1567 1560 per
1600 1521 1641 1547 se
1675 1511 1794 1560 patet.

224 1562 365 1615 Itaque
391 1562 577 1602 Juvenali
611 1564 752 1603 merito
787 1564 917 1603 dicere
950 1563 1095 1603 licebat
1127 1564 1393 1615 eloquentiam
1428 1563 1688 1615 expetendam
1716 1575 1796 1601 non

225 1631 324 1656 esse.
357 1617 536 1656 Indolem
554 1622 758 1669 artemque
774 1619 987 1657 oratoriam
1004 1617 1206 1657 Ciceronis
1222 1632 1267 1657 ac
1284 1618 1563 1657 Demosthenis
1578 1618 1796 1656 detrectare

225 1672 361 1717 noluit,
398 1672 522 1711 voluit
556 1686 692 1712 eorum
728 1673 907 1724 exemplo
943 1678 1162 1712 monstrare
1197 1673 1463 1725 eloquentiam
1492 1685 1648 1724 quoque
1679 1685 1796 1724 saepe

222 1727 399 1778 periculo
413 1740 510 1765 esse.
524 1727 600 1765 Illa
615 1728 774 1778 quidem
791 1729 1033 1778 comparatio
1047 1729 1233 1766 orationis
1249 1728 1493 1779 Philippicae
1509 1740 1555 1765 ac
1569 1731 1796 1778 poematum

223 1780 521 1831 ridendorum9)
556 1781 827 1834 vituperabilis
861 1786 932 1830 est,
968 1782 1036 1820 sed
1072 1782 1159 1833 plus
1194 1782 1312 1821 habet
1346 1781 1520 1821 offensae
1554 1782 1595 1819 in
1629 1781 1796 1820 rhetoris

219 1836 510 1874 declamatione
530 1849 650 1887 quam
670 1837 710 1875 in
731 1836 900 1875 diatriba
914 1840 1054 1887 poetae
1075 1850 1184 1874 more
1205 1837 1452 1888 popularium
1474 1836 1795 1887 philosophorum

221 1890 474 1942 disputantis,
511 1891 657 1942 quippe
692 1891 759 1942 qui
792 1891 911 1930 nimio
942 1891 1070 1930 studio
1100 1891 1259 1942 impulsi
1288 1891 1327 1929 in
1358 1891 1456 1930 tales
1485 1890 1652 1942 ineptias
1681 1889 1795 1929 facile

224 1946 456 1984 inciderent.

356 1999 487 2038 Etiam
503 2000 741 2038 Hannibalis
756 2001 1077 2039 commemoratio
1094 2000 1258 2038 Lehrsio
1275 2000 1466 2050 displicet.
1489 1999 1794 2038 Concedendum

220 2058 284 2093 est
311 2067 443 2094 rerum
473 2054 683 2105 scriptores
711 2054 826 2094 aliter
853 2067 916 2093 res
951 2054 1000 2093 ab
1029 2067 1074 2093 eo
1102 2059 1233 2105 gestas
1262 2055 1416 2101 efferre,
1451 2054 1519 2092 sed
1550 2058 1693 2101 noster,
1729 2054 1795 2105 qui

224 2108 347 2146 animi
377 2109 700 2159 tranquillitatem
729 2109 888 2160 plurimi
917 2107 1099 2159 putat,¹⁰)
1131 2109 1222 2147 belli
1256 2109 1423 2160 gloriam
1453 2121 1638 2159 spernere
1666 2108 1793 2146 debet.

223 2163 351 2214 Igitur
378 2162 617 2202 Hannibalis
652 2163 809 2202 fortuna
843 2164 879 2202 ei
910 2162 1154 2202 admirabilis
1182 2163 1308 2202 videri
1337 2163 1491 2214 nequit3
1527 2175 1655 2214 neque
1690 2162 1794 2201 enim

225 2219 309 2256 cius
338 2218 459 2256 vitam
490 2219 645 2256 beatam
676 2219 820 2257 ducere
846 2222 1011 2269 poterat,
1043 2219 1107 2268 qui
1138 2218 1190 2266 id,
1221 2218 1271 2256 ad
1300 2218 1405 2268 quod
1435 2218 1617 2256 omnibus
1645 2217 1795 2255 viribus

222 2272 461 2322 enitebatur,
491 2276 724 2311 consecutus
754 2285 831 2311 non
862 2275 958 2311 erat.

358 2327 582 2366 Alexander
610 2331 754 2372 autem,
790 2328 902 2366 cuius
931 2327 1198 2377 expeditiones
1227 2326 1470 2365 multitudini
1498 2327 1618 2364 etiam
1647 2326 1795 2364 maiore

226 2381 487 2421 admiratione
516 2382 660 2433 dignae
680 2381 928 2429 videbantur,
959 2381 1187 2432 saepissime
1217 2394 1240 2420 a
1268 2380 1511 2432 philosophis
1540 2383 1794 2428 memoratur,

362 2468 390 2506 1)
414 2477 494 2510 pag.
511 2470 548 2500 41
578 2468 620 2501 cf.
644 2467 722 2501 Sen.
746 2467 824 2501 ben.
848 2466 904 2501 IV.
921 2469 951 2500 8.
969 2472 995 2499 3.
1035 2466 1245 2509 Cetei-oquin
1264 2466 1472 2509 popularem
1491 2468 1527 2499 et
1542 2465 1795 2508 philosopham

226 2510 293 2543 sati
328 2511 405 2544 sive
439 2511 606 2545 fortunae
636 2511 838 2554 opinionem
870 2510 1034 2553 plerique
1064 2510 1330 2544 confundebant
1388 2510 1423 2543 L.
1452 2509 1625 2549 Schmidt,
1656 2509 1735 2543 Eth.
1759 2508 1793 2542 d.

222 2563 256 2586 a.
282 2553 337 2586 Gr.
364 2554 387 2587 1.
405 2556 457 2588 58.
546 2556 581 2594 2)
606 2554 685 2588 Sen.
711 2556 868 2588 controv.
893 2554 1013 2587 18.16.
1045 2553 1089 2586 cf.
1115 2553 1267 2594 Norden,
1292 2555 1364 2587 ant.
1389 2553 1611 2595 Kunstprosa
1633 2553 1648 2586 1
1669 2562 1702 2595 p.
1720 2554 1793 2586 276.

357 2599 391 2637 3)
416 2598 459 2630 cf.
485 2597 561 2631 Sen.
587 2607 640 2640 ep.
666 2599 779 2638 71.30;
805 2600 857 2630 74.
875 2602 901 2631 7.

357 2641 391 2681 4)
416 2641 460 2675 cf.
482 2641 556 2676 ind.
579 2640 657 2675 Seu.
680 2641 735 2675 ed.
755 2641 794 2675 H.
817 2659 857 2664 -
882 2641 963 2674 Luc.
988 2639 1076 2674 Men.
1096 2642 1144 2674 16.
1278 2641 1311 2681 5)
1335 2639 1378 2674 cf.
1402 2640 1473 2674 Cic.
1497 2639 1541 2674 de
1560 2639 1633 2673 div.
1650 2640 1724 2674 287
1741 2648 1793 2681 sq.

355 2686 391 2722 6)
415 2685 458 2717 cf.
484 2687 514 2721 7,
530 2689 674 2723 195—200;
702 2689 750 2717 16.
769 2682 930 2725 4;'[9.33]
956 2683 1064 2723 (Frdl.
1087 2693 1120 2725 p.
1143 2684 1211 2722 41).
1345 2685 1379 2722 7)
1405 2683 1449 2716 cf.
1473 2693 1549 2725 cap.
1573 2683 1661 2716 XlII.

355 2728 390 2768 8)
416 2727 543 2761 Friedl.
569 2737 601 2769 p.
620 2729 729 2761 4532.
862 2728 895 2767 9)
921 2737 953 2759 v.
974 2727 1033 2760 124
1046 2739 1088 2761 sq.
1225 2727 1276 2766 10)
1301 2736 1333 2760 v.
1351 2727 1425 2760 364.
