1980 3097
874 113 1020 152 -80
1065 135 1120 168 -,

433 242 549 282 nulla
575 255 703 292 super
721 242 841 282 nubes
867 242 1045 282 convivia
1072 242 1342 283 caelicolarum

432 309 501 336 nec
522 308 626 346 puer
653 296 809 336 Iliacus
834 296 1039 346 formonsa
1067 309 1135 336 neo
1163 296 1346 337 Herculis
1374 310 1476 337 uxor

432 351 486 390 ad
512 350 682 401 cyathos,
711 351 828 390 etiam
854 352 991 392 siccato
1019 353 1170 391 nectare
1198 353 1346 403 teryens

433 404 612 445 bracchia
647 404 845 445 Vulcanus
871 405 1073 456 Liparaea
1102 404 1224 457 'niqra
1252 405 1358 445 tabe»
1358 417 1427 451 na,

426 459 651 510 prandebat
675 459 751 499 sibi
777 460 940 510 quisque
966 460 1070 509 deus,
1099 472 1167 500 nec
1194 459 1310 499 turba
1339 460 1498 499 deorum

432 513 535 562 talis,
566 516 611 552 ut
637 516 690 553 est
717 513 842 565 hodie,
869 516 1123 563 contentaque
1147 512 1278 553 sidera
1300 514 1444 564 paucis

431 567 666 608 numinibus
693 568 882 608 miserum
910 581 985 620 ury
986 568 1131 609 uebant
1156 567 1324 608 Atlanta
1352 568 1502 608 minori

426 623 618 672 pondere;
645 623 824 663 nondum
853 622 1000 673 aliquis
1025 636 1079 663 sm
1081 623 1185 663 titus
1212 622 1318 663 triste
1341 622 1541 673 profundi

431 677 640 726 imperium
668 679 740 716 aut
766 677 902 717 Sicula
930 680 1056 717 torvos
1082 690 1168 717 cum
1195 677 1356 728 coniuqe
1383 676 1543 725 Pluton,

431 743 500 770 nec
527 733 614 770 rota
642 743 711 770 nec
736 730 872 780 furiae
899 743 967 771 nec
993 744 1135 772 saxum
1163 733 1235 771 aut
1261 730 1434 771 vulturis
1461 731 1541 770 atri

428 798 568 835 poena,
597 786 662 825 sed
690 784 867 836 infernis
895 785 1041 826 hilares
1067 786 1153 826 sine
1180 785 1335 838 reyibus
1362 785 1533 825 umbrae.

338 860 590 914 Quamquam
624 862 665 900 in
700 875 747 901 eo
777 862 953 901 carmine
982 862 1162 914 sacrilegi
1197 862 1438 914 castigantur
1472 865 1511 900 et
1543 862 1663 913 prisci
1690 862 1779 900 lau-

207 914 363 965 dantur,
405 916 473 967 qui
506 916 582 967 piis
611 916 753 955 animis
782 916 877 955 deos
917 917 1111 965 colebant,
1152 920 1284 955 tamen
1325 916 1422 955 haec
1461 915 1583 955 verba
1622 916 1779 955 facetiis

207 982 286 1008 non
316 974 462 1009 carent.
523 969 715 1014 Quisnam
743 983 823 1009 non
851 971 1129 1020 reminiscitur,
1160 983 1249 1010 cum
1278 983 1326 1010 ea
1352 971 1460 1022 legit,
1497 970 1665 1009 Luciani
1693 983 1775 1010 ser-

206 1036 381 1073 monum,
411 1026 452 1064 in
487 1024 629 1077 quibus
666 1025 840 1077 undique
869 1025 929 1064 dis
958 1025 1133 1064 humana
1161 1029 1305 1064 natura
1332 1025 1582 1064 attribuitur?
1630 1024 1778 1064 Iucun-

204 1080 307 1118 ditas
336 1080 442 1118 enim
471 1084 511 1118 et
539 1080 715 1118 hilaritas
743 1093 930 1119 versuum
959 1080 1074 1119 valde
1104 1081 1153 1119 ab
1181 1081 1240 1119 ira
1270 1085 1309 1119 et
1333 1081 1602 1132 indignatione
1631 1080 1774 1128 differt,

205 1146 284 1184 qua
323 1138 440 1185 poeta
480 1134 567 1173 aliis
596 1134 692 1173 locis
727 1134 990 1186 instigatur.¹)
1026 1157 1077 1161 —
1113 1133 1323 1186 Conspirat
1356 1135 1422 1173 ille
1456 1147 1546 1173 cum
1579 1134 1774 1173 Juvenale

204 1188 244 1227 in
278 1188 431 1228 decimo
471 1189 635 1228 deorum
671 1189 842 1241 dialogo,
882 1189 950 1229 ubi
987 1189 1212 1241 Apollinem
1255 1189 1414 1228 Saturni
1451 1192 1620 1228 aetatem
1659 1188 1779 1229 Jovis

204 1256 327 1294 regno
356 1244 649 1295 praeferentem
679 1244 774 1283 facit
803 1257 834 1283 c.
857 1245 893 1283 2.
942 1244 1060 1283 Illum
1089 1257 1306 1296 numquam
1336 1257 1357 1283 e
1387 1244 1494 1283 caelo
1524 1244 1776 1283 descendisse

204 1299 270 1346 ait,
301 1306 344 1337 ut
373 1311 463 1338 cum
493 1299 651 1338 feminis
682 1299 913 1338 mortalibus
943 1300 1232 1338 concumberet.
1243 1298 1278 1348 2)

336 1351 397 1391 De
426 1353 539 1392 Jovis
568 1353 783 1405 Martisque
813 1353 1015 1392 amoribus
1043 1354 1197 1392 iocatur
1227 1355 1262 1392 6.
1275 1364 1334 1396 58:

416 1428 518 1476 Quis
548 1432 683 1468 tamen
713 1428 905 1477 adfirmat
933 1429 995 1467 nil
1025 1432 1159 1467 actum
1186 1428 1389 1468 montibus
1420 1431 1491 1467 aut
1520 1427 1565 1466 in

415 1482 644 1535 speluncis?
673 1483 783 1522 Adeo
812 1485 1037 1522 senuerunt
1064 1482 1258 1534 Juppiter
1287 1485 1324 1521 et
1344 1481 1488 1521 Mars?

204 1560 254 1598 cf.
276 1560 355 1598 Dio
376 1560 467 1599 Chr.
490 1561 580 1599 VII.
607 1562 682 1599 143
702 1575 739 1612 p.
765 1562 837 1599 141
862 1561 912 1599 D.
934 1560 1122 1599 Simultas
1140 1560 1166 1598 J
1171 1560 1349 1608 unonisss)
1380 1560 1440 1598 his
1466 1573 1622 1611 quoque
1642 1559 1776 1598 verbis

204 1614 417 1653 indicatur:
450 1616 585 1657 6.618:

483 1690 693 1729 Ardebant
723 1693 869 1728 cancta
899 1692 937 1728 et
963 1689 1075 1738 facta
1105 1702 1291 1740 compaye
1320 1689 1493 1728 ruebant

482 1757 563 1782 non
594 1743 712 1783 aliter
741 1756 864 1794 qaam
893 1743 930 1782 si
958 1743 1118 1793 fecisset
1145 1743 1256 1782 Juno
1285 1742 1481 1782 maritum

482 1811 547 1838 ms
551 1812 687 1839 (vlunt.

202 1864 269 1913 (cf.
304 1865 365 1903 13.
378 1866 452 1913 40.)

342 1919 541 1972 Persaepe
578 1921 673 1959 talia
707 1920 748 1959 in
778 1920 943 1959 Luciani
973 1911 1140 1972 dialogis
1169 1923 1391 1959 occurrunt.
1436 1918 1484 1957 cf.
1521 1918 1627 1957 deor.
1660 1931 1769 1957 conc

202 1976 223 2011 7
235 1989 244 2012 ε
271 1974 343 2024 τὴν
377 1974 452 2025 γάρ
487 1988 545 2013 τοι
580 1975 709 2026 ἀρχὴν
738 1981 813 2014 τῶν
843 1976 1023 2013 τοιούτων
1053 1975 1400 2026 παρανομημάτων
1435 1974 1503 2011 καὶ
1536 1973 1607 2023 τὴν
1644 1972 1770 2011 αἰτίαν

200 2034 267 2066 τοῦ
297 2028 544 2095 νοθευθῆναι
572 2029 685 2080 ἡμῶν
710 2031 752 2067 τὸ
783 2029 978 2097 ξυνέδριον
1000 2029 1060 2075 σύ,
1091 2030 1122 2067 ὦ
1153 2028 1240 2075 Ζεῦ,
1269 2027 1468 2080 παρέσχες
1492 2027 1660 2093 θνηταῖς
1689 2027 1768 2064 ἐπι-

199 2095 430 2187 tw&
464 2084 622 2175 ³51}ss
624 2097 736 2175 τὸῗὲα
748 2097 828 2176 πέἑρ
837 2084 1074 2189 κεῗρυὶἶὲωῗν
1085 2083 1184 2175 ᾶλὲ
1186 2096 1260 2176 Οὲῗν
1285 2082 1768 2188 {Qefflssff‘ssptiffl

201 2191 318 2229 ἐστιν.
349 2193 393 2229 οὐ
425 2192 501 2243 μὴν
531 2192 677 2230 κωκύω
697 2205 741 2242 γε
771 2193 846 2230 ὑπὸ
877 2192 994 2238 ἔθους
1019 2192 1099 2242 ἤδη
1126 2191 1317 2237 πολλάκις
1345 2190 1580 2242 ὑβρισθεῖσα
1599 2190 1674 2228 ὑπὸ
1696 2195 1768 2227 σοῦ

200 2246 247 2282 τὰ
275 2251 435 2284 τοιαῦτα
465 2259 502 2284 κ.
524 2259 556 2284 τ.
579 2245 656 2293 λ.4)
713 2246 828 2298 Apud
860 2244 1150 2289 Lactantium5)
1186 2246 1354 2296 legimus
1390 2246 1582 2283 Senecam
1611 2256 1768 2294 quoque

334 2353 366 2393 1)
391 2353 436 2387 cf.
460 2353 597 2393 Jessen,
623 2352 714 2386 Witz
738 2353 811 2386 und
836 2353 972 2386 Humor
994 2353 1045 2386 im
1067 2352 1233 2393 Juvenal,
1255 2351 1346 2385 Phil.
1364 2353 1405 2384 47
1429 2362 1463 2394 p.
1479 2352 1552 2384 320.

333 2399 367 2436 2)
392 2397 436 2430 cf.
467 2399 624 2436 ('.14--1;6
655 2399 727 2429 6.1:
758 2397 859 2430 Credo
889 2397 1084 2439 pudicitiam
1118 2397 1266 2429 Saturno
1299 2406 1371 2438 reqe
1403 2397 1565 2428 moratam
1597 2394 1636 2427 in
1671 2395 1769 2427 terris

201 2442 365 2523 mamm&
384 2441 483 2518 ‘iniec
497 2465 742 2526 'virgunculae
765 2483 917 2517 fortasse
941 2484 1049 2517 etiam
1075 2483 1120 2516 de
1143 2483 1316 2536 pudicitia
1346 2482 1499 2515 «Iunonis
1522 2481 1640 2514 iocose
1663 2480 1766 2514 dubi-

200 2529 299 2561 tatur
323 2528 366 2561 cf.
391 2528 473 2562 Luc.
498 2537 587 2561 sacr.
605 2530 625 2560 6
643 2529 741 2566 ὃμοια
764 2529 801 2559 δὲ
825 2528 951 2565 τοὺτοις
971 2529 1120 2566 καὶπερὶ
1144 2529 1202 2567 τῆς
1226 2526 1331 2565 Ἥρας
1355 2527 1483 2566 ᾄδουσιν
1509 2526 1586 2556 ἄνευ
1603 2526 1662 2565 τῆς
1685 2525 1766 2564 πρὸς,

199 2573 254 2602 τὸν
281 2573 385 2610 ἄνδρα
409 2572 540 2611 ὁμιλίας
564 2572 740 2611 ὑπηνέμιον
766 2572 865 2610 αὐτὴν
891 2573 992 2601 παῖδα
1016 2573 1172 2610 γεννῆσαι
1195 2571 1251 2600 τὸν
1275 2570 1455 2608 Ἥφαιστον
1480 2579 1512 2599 κ.
1530 2579 1557 2600 τ.
1572 2569 1601 2598 λ

330 2614 364 2655 4)
390 2614 433 2649 cf.
458 2614 599 2649 Charid.
625 2616 655 2656 7,
679 2615 714 2654 8,
740 2613 835 2648 deor.
860 2613 944 2648 dial.
970 2616 999 2648 6.
1012 2618 1042 2655 3;
1068 2616 1099 2648 5.

331 2659 365 2699 5)
390 2659 424 2693 L.
448 2660 531 2692 inst.
555 2659 595 2692 11.
624 2660 733 2692 16.10:
758 2659 831 2692 Non
846 2659 973 2701 illepide
996 2660 1117 2692 Seneca
1140 2659 1176 2692 in
1199 2658 1293 2691 libris
1316 2656 1448 2691 moralis
1469 2654 1698 2698 philosophiae.
1725 2672 1768 2678 ——

198 2702 242 2736 cf.
268 2702 338 2736 Cic.
363 2702 467 2736 Tusc.
490 2706 521 2736 4.
533 2708 575 2734 70.
600 2702 722 2743 (Clem.
747 2708 856 2743 plotl'.
880 2704 933 2743 33,
957 2703 1023 2741 37.)
