1980 3097
301 270 371 307 .54.
432 262 439 305 .'
473 297 479 304 .
513 297 520 305 .
553 299 561 306 .
592 269 747 309 Paucae
773 271 859 310 sine
888 271 1047 310 vulnere
1075 271 1212 320 malae,

429 324 497 362 vioe
525 324 708 374 cuiquam
736 328 807 364 aut
833 325 940 365 nulli
969 328 1045 365 toto
1073 326 1282 366 certamine
1309 337 1437 364 nasus

428 379 586 429 inteyer.
615 380 812 429 Aspiceres
840 381 920 419 iam
948 383 1085 420 cuncta
1111 393 1182 430 per
1209 381 1371 432 agmina
1399 380 1531 419 vultus

430 433 624 483 dimidios,
653 434 755 474 alias
780 435 897 484 facies
925 438 960 474 et
987 435 1146 475 hiantia
1173 436 1303 485 ruptis

430 499 513 527 ossa
538 488 661 540 yenis,
688 488 822 539 plenos
850 489 1048 529 oculorum
1075 490 1271 541 sanquine
1291 501 1459 541 puqnos.
1492 519 1500 526 .
1533 518 1541 526 .

328 553 374 592 cf.
392 553 493 592 Phil.
511 553 564 593 ΙΙ.
582 556 672 595 478.
695 554 1021 607 Ἐπανιστάμενοι
1038 553 1140 606 (scil.
1164 557 1242 594 ἀπὸ
1261 562 1328 594 τοῦ
1349 552 1527 605 δείπνου)
1550 555 1765 593 δάκνουσιν

197 607 393 659 ἀλλήλους
426 610 494 647 καὶ
529 610 799 660 ἀποτρώγουσι
835 610 953 660 ῥῖνας,
984 610 1077 654 ὦτα,
1119 610 1347 656 δακτύλους,
1388 608 1487 660 ἕτερ’
1527 611 1624 647 ἄττα
1660 609 1762 660 μέρη

195 668 263 700 τοῦ
283 662 474 714 σώματος,
507 663 558 710 ὡς
576 666 642 702 τὸν
662 664 725 702 ἐπὶ
746 662 967 709 Κύκλωπος
991 665 1060 702 καὶ
1088 669 1164 702 τῶν
1184 662 1410 710 Ὀδυσσέως
1439 663 1603 714 ἑταίρων
1634 663 1763 714 μῦθον

197 717 493 769 ἀποδεδειχὲναι
507 718 664 764 τούτους
680 718 832 769 ἀληθῆ,
850 718 1072 769 »ψωμούς«,
1093 720 1118 769 ᾖ
1133 730 1251 769 φησιν
1268 718 1288 756 ὁ
1303 717 1479 768 ποιητής,
1501 718 1763 764 ἐπεσθίοντας

199 772 500 823 >>ἀνδρομέους<<,
530 773 599 810 καὶ
629 772 824 823 ὠμότερον
853 773 879 822 ἢ
911 772 1111 819 ἐκεῖνος.])

324 825 497 864 Parvum
526 829 585 864 est
612 826 834 873 discrimen,
871 826 976 877 quod
1009 827 1049 864 in
1080 826 1284 864 Juvenalis
1313 830 1446 864 satura
1474 826 1679 877 epulantes
1708 826 1762 864 ab

193 879 348 918 infestis
376 880 515 919 vicinis
545 884 798 931 occupantur,
820 881 861 918 in
880 880 1055 919 Philonis
1077 885 1208 919 autem
1230 893 1410 919 sermone
1440 881 1624 919 convivas
1652 881 1759 932 ipsos

193 933 296 973 inter
323 947 365 973 se
384 935 562 973 rixantur
581 937 622 973 et
644 935 834 974 saeviunt.
880 935 969 974 Mea
998 936 1102 974 enim
1124 936 1319 974 sententia
1348 940 1387 973 et
1413 933 1529 974 Philo
1559 939 1598 974 et
1626 939 1763 974 noster

193 990 362 1029 maxime
390 991 430 1029 in
461 991 591 1029 animo
611 990 759 1030 habent
778 990 996 1040 ostendere,
1033 995 1199 1043 quantas
1228 991 1277 1030 ad
1298 990 1549 1030 crudelitates
1578 990 1761 1029 homines

194 1044 276 1083 sive
301 1045 391 1084 vino
418 1045 499 1084 sive
524 1046 584 1084 ira
603 1046 696 1084 victi
720 1046 974 1085 adducantur.
1019 1045 1170 1085 Tamen
1194 1046 1298 1094 inde,
1325 1045 1430 1097 quod
1454 1046 1761 1097 intemperantia

195 1099 479 1152 Aegyptiorum
510 1113 555 1139 ac
579 1100 736 1139 luxuria
756 1101 946 1139 acerrime
966 1101 1308 1152 reprehenduntur
1325 1114 1361 1138 v.
1383 1101 1435 1139 43
1452 1119 1515 1151 sq„
1539 1099 1642 1138 effici
1661 1100 1761 1139 mihi

192 1155 358 1203 videtur,
393 1158 435 1192 ut
463 1159 579 1205 poeta
608 1168 724 1193 cenas
753 1155 983 1206 magnificas
1012 1156 1155 1194 talibus
1183 1156 1326 1206 pugnis
1355 1167 1474 1205 saepe
1501 1155 1606 1193 finiri
1636 1155 1760 1193 etiam

193 1208 256 1246 hic
290 1208 525 1247 adumbrare
559 1209 664 1247 velit.
714 1209 904 1248 Videmus
938 1213 1069 1248 autem
1101 1210 1142 1249 in
1177 1210 1332 1261 scriptis
1366 1222 1501 1248 eorum
1537 1213 1761 1257 auctorum⁷

193 1264 257 1314 qui
288 1264 455 1314 vestigia
487 1264 686 1314 popularis
716 1263 951 1315 Cynicorum
985 1264 1256 1316 philosophiae
1290 1267 1500 1311 sectantur,
1534 1264 1632 1302 tales
1667 1264 1763 1302 des--

192 1317 402 1369 criptiones
428 1318 469 1356 in
494 1318 622 1370 gratia
649 1317 824 1367 fuisse.2)
872 1319 931 1357 Ac
959 1319 1212 1370 perlubenter
1240 1319 1337 1358 ebrii
1365 1323 1405 1357 et
1431 1318 1549 1357 rudes
1576 1318 1762 1357 homines·

190 1373 231 1411 in
244 1372 305 1412 his
318 1373 561 1412 sermonibus
577 1386 664 1412 cum
682 1371 901 1422 Centauris,
911 1372 944 1423 3)
961 1374 1151 1425 Lapithis,
1159 1374 1192 1421 4)
1213 1372 1450 1425 Cyclopibus
1465 1377 1763 1424 comparantur,

191 1427 295 1478 quod
324 1427 528 1466 Juvenalis
557 1440 713 1479 quoque
738 1428 833 1466 facit
851 1441 914 1466 vv.
936 1429 986 1466 14
1001 1427 1096 1479 sq.5)
1144 1427 1255 1471 Quae
1278 1441 1368 1467 cum
1387 1428 1444 1466 ita
1463 1428 1552 1476 sint,
1582 1429 1762 1467 nascitur

191 1481 360 1533 suspicio
381 1482 499 1521 etiam
524 1483 626 1521 hanc
651 1487 838 1532 saturam,
868 1483 1048 1534 quamvis
1068 1488 1345 1534 argumentum
1365 1483 1534 1521 multum
1553 1495 1577 1521 a
1595 1483 1764 1534 reliquis·

191 1537 402 1575 abhorrere
416 1537 608 1584 videatur,
629 1537 678 1574 ad
699 1537 867 1575 similem
886 1537 1037 1575 fontem
1057 1538 1233 1575 revocari
1248 1550 1375 1588 posse.
1396 1537 1633 1575 Juvenalem
1650 1537 1758 1576 enim

187 1591 287 1630 haec
302 1604 380 1629 non
396 1591 525 1641 ipsum
540 1591 684 1629 vidisse
700 1595 768 1630 aut
787 1591 837 1629 ab
856 1591 988 1630 incola
1002 1591 1173 1642 quodam
1193 1592 1354 1630 alterius
1369 1591 1502 1642 oppidi
1518 1592 1761 1642 comperisse

190 1658 238 1682 ex
266 1657 312 1683 eo
343 1645 481 1692 elucet,
512 1645 616 1695 quod
635 1645 808 1683 Ombum
834 1658 858 1683 a
883 1644 1056 1696 Tentyra
1085 1649 1241 1683 centum
1263 1645 1525 1696 quadraginta
1543 1645 1628 1683 fere
1646 1645 1759 1684 milia

188 1711 376 1751 passuum
406 1698 543 1738 abesse
571 1698 707 1738 nescit.
764 1699 940 1744 Accedit,
971 1699 1076 1750 quod
1105 1713 1153 1739 ea
1180 1713 1284 1752 pars,
1314 1700 1353 1739 in
1380 1713 1458 1751 qua
1478 1700 1527 1739 de
1547 1700 1756 1740 elementia

189 1755 331 1805 agitur,
366 1754 521 1792 tametsi
555 1753 752 1792 severitati
783 1754 1004 1793 Stoicorum
1039 1767 1119 1793 non
1150 1754 1374 1805 respondet,
1409 1755 1641 1805 philosopho
1676 1768 1760 1793 nona

188 1808 352 1858 indigna
381 1811 450 1845 est.
460 1807 490 1855 6)
535 1807 611 1850 Qui
639 1808 737 1846 nihil
766 1808 873 1847 aliud
892 1808 1051 1847 volebat
1070 1808 1145 1847 nisi
1162 1808 1448 1847 immanitatem
1468 1808 1760 1861 Aegyptiorum

189 1863 393 1914 castigare,
424 1861 460 1900 ei
489 1875 567 1902 non
596 1876 695 1914 opus
720 1867 805 1902 erat
823 1862 993 1902 Zenonis
1013 1867 1052 1902 et
1069 1862 1331 1915 Pythagorae,
1361 1864 1429 1915 qui
1448 1868 1557 1902 tanta
1575 1863 1759 1903 facinora

187 1921 333 1964 vetent,
363 1917 602 1955 mentionem
632 1918 789 1955 habere.

317 1971 457 2022 Itaque
485 1971 526 2009 in
560 1971 634 2009 hae
662 1984 818 2023 quoque
847 1975 981 2010 satura
1014 1971 1137 2009 multa
1164 1971 1420 2022 philosophae
1451 1971 1643 2010 diatribae
1672 1985 1757 2011 non

188 2025 393 2063 dissimilia
434 2026 562 2065 inesse
605 2026 746 2064 iudico.
809 2025 891 2064 Nec
934 2038 1028 2064 vero
1071 2025 1210 2064 eadem
1253 2025 1432 2076 exempla
1475 2029 1608 2064 noster
1650 2039 1751 2076 quae

186 2079 398 2128 Lucianus,
435 2078 602 2132 Cynicos
637 2079 972 2130 σπουδολεγοίους,
1008 2080 1075 2130 qui
1108 2080 1222 2118 tertio
1257 2079 1412 2118 saeculo
1441 2079 1645 2127 florebant,
1681 2081 1751 2119 sed

187 2135 372 2185 aequales
402 2134 465 2172 hic
490 2134 634 2173 imitari
654 2134 823 2181 videtur,
853 2134 919 2185 qui
948 2134 988 2171 in
1017 2133 1184 2173 dicendo
1214 2134 1361 2172 maiore
1391 2137 1503 2172 erant
1523 2134 1758 2173 austeritate·

186 2193 230 2227 ut
249 2188 487 2240 Peregrinus
511 2193 551 2227 et
569 2188 788 2227 Demonax.
809 2209 862 2214 —
881 2187 1026 2226 Facete
1045 2188 1085 2226 in
1106 2188 1221 2227 tertia
1241 2193 1374 2227 satura
1393 2186 1491 2236 (278
1508 2189 1576 2240 sq.)
1598 2189 1756 2228 ebrium

186 2243 386 2282 hominem
414 2243 610 2291 describit,
647 2242 714 2293 qui
747 2246 862 2281 nocte
897 2254 994 2280 cena
1021 2242 1226 2280 discedens
1255 2242 1522 2281 ambulantem
1552 2244 1754 2293 quendam

185 2301 347 2348 repente
376 2297 561 2348 opprimit
588 2297 909 2347 verberibusque·
925 2294 1104 2343 eaedit.⁷)
1133 2318 1184 2323 —

318 2393 349 2433 1)
374 2394 418 2427 cf.
441 2393 523 2427 Juv.
542 2394 591 2426 15.
605 2397 636 2423 78
648 2406 687 2428 sq.

316 2436 350 2476 2)
374 2436 419 2470 cf.
442 2435 652 2477 Wendlaud‚
673 2435 777 2469 Philo
802 2437 867 2469 etc.
890 2437 931 2468 21
948 2444 1001 2477 sq.
1025 2434 1153 2473 Hirzel,
1178 2434 1211 2468 d.
1235 2435 1317 2468 Dial
1333 2435 1355 2468 I.
1374 2436 1449 2469 365.

315 2479 348 2518 3)
372 2480 439 2514 Dio
454 2479 591 2514 XXVII.
606 2481 636 2513 2.
651 2489 685 2522 p.
697 2480 760 2513 317
777 2478 882 2513 Dind.
898 2477 1037 2516 XXXII,
1052 2481 1104 2516 53,
1121 2489 1153 2521 p.
1167 2481 1231 2512 418
1247 2479 1353 2513 Dind.
1420 2481 1455 2521 4)
1479 2479 1560 2513 Luc.
1578 2489 1679 2513 conv.
1695 2483 1753 2514 45.

316 2524 349 2564 5)
374 2523 422 2557 Ut
451 2524 573 2557 noster
603 2533 647 2555 vv
672 2524 802 2556 63—68
832 2523 951 2556 locum
983 2522 1131 2564 Vergilii
1165 2522 1356 2565 detorquet
1388 2523 1427 2556 in
1456 2523 1661 2564 ridiculum,
1696 2524 1750 2557 sic

185 2567 363 2601 Lucianus
390 2568 428 2602 in
458 2567 624 2601 convivio
653 2575 797 2600 versum
822 2566 1047 2600 Homericum
1071 2565 1186 2600 facete
1209 2566 1389 2601 immiscet
1412 2567 1565 2601 orationi
1594 2576 1670 2611 cap.
1694 2569 1746 2609 44,

183 2611 247 2646 nbi
270 2621 408 2655 pugnas
431 2611 624 2646 rixantium
648 2611 943 2654 philosophorum
966 2610 1136 2653 depingit.
1270 2611 1305 2651 6)
1329 2612 1373 2645 cf.
1399 2620 1474 2654 cap.
1498 2611 1555 2645 IX.

316 2657 349 2696 7)
373 2656 573 2689 Nocturnas
602 2656 780 2689 ebriorum
809 2664 948 2697 pugnas
978 2654 1147 2696 Nigrinus
1176 2654 1343 2697 obiurgat
1369 2664 1445 2696 cap.
1468 2657 1524 2688 22:
1554 2657 1687 2696 πλήρεις
1711 2657 1749 2686 δὲ

184 2701 289 2730 αὐτῶν
323 2702 386 2731 τῶν
422 2701 584 2739 ἐμούντων
620 2700 651 2731 οἱ
687 2700 882 2730 στενωποὶ
910 2699 967 2728 καὶ
1000 2699 1082 2736 πρὸς
1116 2700 1185 2736 τοῖς
1219 2700 1463 2738 χαμαιτυπείοις
1497 2700 1749 2739 μαχομένων-

183 2742 242 2782 (cf.
267 2742 346 2777 Seu.
370 2752 424 2786 ep.
441 2742 564 2784 51.12.)
