1980 3097
213 282 483 332 sequebatur?
557 282 668 330 Quid
710 282 790 322 duo
834 282 1143 335 propugnacula
1186 281 1279 321 belli
1321 282 1489 333 Punici,
1534 283 1607 323 Cn.
1651 286 1690 322 et
1730 281 1781 328 P,

214 336 450 389 Scipiones?
460 337 487 389 1)
517 360 567 365 -
598 337 789 382 Quamvis
818 338 1052 377 decantatae
1074 368 1082 377 .
1106 369 1114 376 .
1138 368 1146 376 .
1168 335 1213 376 in
1243 336 1427 377 omnibus
1455 336 1601 378 scholis
1617 336 1783 387 fabulae

213 391 358 443 istae2)
401 396 544 440 essent,
588 397 721 432 tamen
764 394 825 432 his
860 394 1049 445 exemplis
1089 393 1249 444 probari
1276 406 1357 432 non
1384 397 1515 444 potest
1542 393 1572 432 J
1574 394 1782 433 uvenalem

213 447 338 486 solam
367 451 493 486 artem
532 446 735 486 rhetorum
769 447 834 486 vel
870 447 1179 487 declamatorum
1221 446 1380 496 imitari,
1424 447 1612 499 quoniam
1647 451 1783 487 auctor

214 515 385 554 quoque,
415 514 587 554 quocum
606 500 845 541 Plutarchus
863 506 1097 554 personatus
1116 502 1329 541 altercatur
1357 514 1442 553 cap.
1467 503 1538 551 20,
1566 502 1783 542 Aristidem

213 556 429 604 Socratem,
461 555 728 607 Cynaegirum
757 556 971 595 nobiliores
1005 557 1126 595 fuisse
1154 555 1273 599 Mida,
1311 555 1611 607 Sardanapallo,
1645 556 1781 595 Xerxe

212 610 373 662 exponit
401 614 440 649 et
474 609 614 649 eodem
649 609 813 649 consilio
841 609 908 650 Ps.
940 610 1113 650 Galenus
1142 608 1449 649 Themistoclem
1483 609 1632 660 laudat,
1675 610 1781 662 quod

211 665 426 716 ignobilem
471 665 665 715 originem
709 678 781 704 sua
821 665 969 704 virtute
1011 664 1221 705 ornaverit.
1266 686 1317 691 -—-
1360 664 1419 703 Ac
1461 665 1638 704 Senecae
1684 665 1781 704 illud

210 723 464 771 praeceptum
497 723 631 758 noster
659 719 849 771 sequitur,
893 732 984 758 cum
1012 722 1207 759 maiorum
1240 718 1389 758 famam
1432 722 1472 758 et
1512 719 1780 772 integritatem

211 773 375 812 summis
403 773 588 812 laudibus
623 773 779 812 efferat:
822 771 1018 811 Proderit
1046 786 1126 812 non
1155 774 1327 822 tantum,
1362 774 1490 824 inquit
1517 773 1597 822 ille,
1640 772 1778 822 quales

211 838 294 866 esse
324 826 481 866 soleant
511 825 603 866 boni
630 825 722 876 viri,
759 824 891 865 dicere
919 825 1170 876 formamque
1200 838 1339 866 eorum
1373 828 1411 865 et
1440 825 1685 866 lineamenta
1713 826 1778 866 de-

211 881 400 932 duceress)
429 881 500 920 sed
529 881 668 931 quales
696 880 855 930 fuerint
883 893 1069 932 narrare,
1100 884 1138 920 et
1166 893 1364 932 exponere
1395 912 1566 921 .....
1613 880 1779 921 Catonis

210 935 319 975 domi
347 935 527 985 forisque
557 934 717 986 eyreyia
744 934 897 984 factm)
928 967 1101 976 .....
1134 936 1209 988 (ep.
1240 937 1303 975 95.
1322 935 1397 986 72.)

944 1218 1038 1257 XII.

208 1293 288 1343 De
313 1293 566 1343 hominum
594 1293 955 1357 depravatione
979 1296 1030 1344 et
1052 1294 1119 1344 de
1146 1294 1465 1345 conscientia
1492 1295 1596 1354 (sat.
1628 1294 1773 1356 XIII).

339 1383 484 1422 Satura
512 1384 628 1422 tertia
657 1384 813 1422 decima
841 1388 1141 1423 monumentum
1169 1383 1442 1436 philosophiae
1461 1395 1554 1421 vere
1572 1383 1775 1435 popularis

206 1437 303 1476 mihi
351 1437 518 1477 videtur.
590 1437 801 1478 Praeclare
848 1438 1056 1478 Juvenalis
1103 1438 1302 1487 describit,
1351 1437 1546 1490 quomodo
1593 1437 1775 1477 homines

206 1492 504 1531 conscientia
530 1493 774 1532 malefacti
810 1494 994 1532 continuo
1023 1494 1154 1532 vexati
1189 1494 1238 1532 ad
1268 1492 1404 1544 peiora
1430 1492 1695 1544 impellantur,
1730 1498 1774 1531 ut

204 1547 349 1585 iustam
384 1560 555 1598 poenam
589 1547 765 1598 effugere
800 1560 878 1586 non
912 1548 1074 1599 possint.
1132 1547 1243 1587 Haec
1286 1551 1346 1586 est
1387 1546 1525 1585 eadem
1567 1547 1773 1598 sapientia,

205 1614 307 1652 quae
336 1602 532 1653 reperitur
559 1602 600 1641 in
643 1602 778 1642 multis
820 1602 1039 1654 proverbiis
1079 1606 1122 1641 ut
1163 1603 1204 1641 in
1247 1615 1307 1651 eo,
1351 1601 1457 1653 quod
1500 1605 1626 1640 exstat
1667 1602 1773 1654 apud

205 1656 492 1699 Quintilianum
527 1656 575 1694 V.
617 1659 677 1695 11.
695 1669 755 1700 41:
792 1655 1048 1695 Conscientia
1081 1655 1192 1694 mille
1227 1657 1356 1694 testes.
1366 1655 1394 1706 ⁵)
1425 1677 1477 1682 —
1505 1655 1629 1694 Poeta
1663 1660 1773 1695 ante-

203 1723 323 1761 quam
365 1710 405 1749 id
452 1710 635 1763 explicat,
679 1711 785 1763 quod
831 1711 1061 1763 pronuntiat
1105 1724 1168 1749 vv.
1219 1712 1337 1760 1—4‚
1384 1710 1509 1749 multa
1554 1710 1677 1750 verba
1722 1711 1772 1750 de

203 1764 451 1816 perfidiaG)
508 1765 616 1815 facit,
647 1779 748 1818 quae
778 1766 925 1818 ubique
953 1764 1100 1816 nunc⁷)
1128 1766 1364 1805 inveniatur.

335 1830 427 1869 Jam
457 1831 606 1870 dudum
635 1835 791 1884 tempus
817 1832 1051 1883 praeterisse
1080 1831 1150 1881 ait,
1185 1844 1276 1870 cum
1304 1831 1535 1882 improbitas
1568 1830 1771 1883 impietas-

202 1898 279 1936 que
299 1885 503 1924 inauditae
524 1885 708 1934 essent.⁸)
765 1885 881 1925 Illam
901 1887 1216 1938 antiquissimam
1236 1886 1319 1925 sive
1335 1898 1524 1924 auream
1553 1890 1768 1934 aetatem,

202 1952 281 1990 qua
311 1939 506 1979 Saturnus
535 1940 727 1979 mundum
756 1940 972 1992 regebat,⁹)
1001 1953 1080 1980 non
1111 1941 1238 1980 solum
1266 1943 1408 1992 poetae
1436 1940 1505 1979 sed
1534 1940 1653 1979 etiam
1681 1939 1769 1992 phi-

199 1994 354 2046 losophi
382 1994 447 2033 vel
474 1995 514 2042 ii,
552 1995 619 2046 qui
654 1995 870 2047 sapientiae
904 1996 1068 2035 studiosi
1108 1995 1236 2034 videri
1277 1994 1463 2034 volebant
1504 1998 1548 2034 ut
1574 1994 1770 2034 Maximus

200 2047 343 2100 Tyrius
386 2053 425 2088 et
467 2049 561 2097 Dio,
592 2049 790 2089 celebrare
833 2050 1023 2090 solebant.
1038 2048 1087 2098 ¹⁰)
1143 2049 1381 2089 Dissertatio
1424 2049 1527 2088 illius
1569 2049 1768 2089 tricesima

199 2107 324 2152 sexta,
352 2104 464 2143 cuius
506 2104 699 2156 originem
740 2104 928 2157 Cynicam
967 2104 1127 2144 Hobein
1170 2103 1511 2155 comprobavit¹¹)‚
1555 2108 1638 2144 tota
1677 2117 1769 2156 per-

198 2158 368 2209 legenda
415 2162 486 2206 est,
535 2165 579 2198 ut
627 2159 837 2199 maximam
885 2159 1182 2199 similitudinem
1228 2159 1332 2197 inter
1371 2159 1474 2198 hanc
1516 2165 1556 2198 et
1595 2159 1767 2210 priorem

198 2216 352 2262 partem
394 2216 553 2252 saturae
592 2212 799 2253 Juvenalis
840 2214 1085 2253 intercedere
1127 2216 1328 2265 appareat.
1372 2235 1424 2240 —
1467 2212 1607 2265 Aeque
1649 2216 1768 2265 atque

200 2265 339 2306 Cicero
350 2265 400 2316 12)
429 2268 470 2307 in
500 2271 635 2307 satura
670 2268 807 2319 quinta
835 2267 1049 2318 decimam)
1083 2272 1218 2307 noster
1251 2268 1434 2316 ostendit,
1464 2268 1660 2319 quomodo
1689 2267 1768 2307 illis

199 2322 443 2372 temporibus
471 2322 652 2361 homines
681 2323 814 2361 divina
848 2324 1001 2362 ratione
1029 2322 1170 2361 imbuti
1201 2322 1401 2374 coeperint

331 2440 361 2479 1)
386 2440 429 2473 cf.
455 2450 487 2472 v.
511 2442 542 2474 3.
681 2441 715 2480 2)
738 2440 817 2475 Seu.
842 2451 895 2484 ep.
920 2442 971 2475 24.
991 2446 1015 2471 6.
1159 2440 1192 2480 3)
1217 2440 1261 2473 cf.
1286 2442 1338 2473 79.
1351 2451 1391 2475 sq.
1539 2439 1574 2480 4)
1599 2439 1642 2474 cf.
1668 2442 1765 2472 11.90.

329 2483 363 2523 5)
387 2483 430 2516 cf.
456 2484 549 2526 Otto,
572 2484 633 2518 die
657 2483 838 2526 Spriichw.
862 2495 897 2519 u.
921 2483 1170 2528 spriichwortl.
1187 2483 1430 2517 Redensarten
1455 2484 1519 2518 der
1534 2483 1672 2524 Romer,
1688 2484 1764 2517 421.

331 2526 364 2567 6)
390 2526 442 2561 De
465 2527 537 2562 fide
560 2528 597 2562 et
619 2527 665 2562 de
689 2527 894 2563 diffidentia
917 2528 1062 2571 scripsit
1083 2527 1152 2562 Dio
1176 2525 1256 2560 Chr.
1281 2536 1330 2561 or.
1354 2529 1396 2560 73
1419 2529 1456 2562 et
1478 2529 1530 2562 74.

328 2571 362 2609 7)
387 2570 430 2603 cf.
454 2581 512 2604 vv.
537 2572 590 2613 28,
614 2573 666 2605 60.
692 2581 743 2613 sq.
876 2573 911 2613 8)
934 2573 1015 2606 JuV.
1040 2582 1072 2604 v.
1097 2572 1150 2605 53.
1174 2579 1227 2612 sq.

328 2615 366 2653 9)
392 2613 436 2646 cf.
460 2624 493 2646 v.
517 2615 576 2656 403
600 2616 667 2648 6.1.
690 2615 849 2655 (Lucian.
873 2615 943 2650 Sat.
968 2617 1026 2657 203
1050 2614 1141 2649 Max.
1164 2613 1202 2647 T.
1228 2615 1269 2648 36
1296 2613 1366 2656 [20]
1380 2620 1403 2645 1.

308 2656 362 2696 10)
386 2657 431 2691 cf.
453 2654 492 2691 E.
520 2658 655 2700 Weber,
679 2658 773 2692 stud.
798 2659 890 2701 Lips.
914 2659 944 2693 X
966 2669 1001 2701 p.
1033 2661 1104 2694 118.
1118 2672 1159 2694 aq.
1187 2657 1341 2700 Norden,
1377 2658 1541 2701 Beitrage
1576 2668 1604 2691 z.
1635 2657 1763 2691 Gesch.

195 2700 228 2733 d.
253 2709 304 2741 gr.
330 2699 463 2734 Philos.
487 2701 618 2742 (annal.
643 2701 765 2744 philol.
792 2703 906 2745 suppl.
933 2704 987 2743 19)
1010 2703 1062 2737 III
1073 2714 1106 2746 p.
1129 2707 1256 2739 411.⁸q-

307 2743 362 2784 11)
385 2743 430 2777 de
453 2743 607 2779 Maximo
631 2745 738 2787 Tyrio
761 2756 794 2788 p.
819 2748 871 2781 84.
885 2748 936 2781 93.
1030 2749 1082 2788 12)
1106 2748 1209 2783 Tusc.
1235 2743 1274 2789 V,
1297 2746 1328 2782 5.
1421 2747 1476 2788 13)
1499 2758 1555 2782 W.
1583 2746 1764 2780 149-158-
