1980 3097
886 206 1126 244 —72—

219 337 308 376 ben.
330 336 420 375 VII.
439 338 503 376 26.
523 348 548 379 ι
584 335 770 385 Quaeris,
792 335 1129 386 quemadmodum
1143 334 1298 386 inqrati
1311 335 1472 386 ferendi
1486 335 1581 376 sint.
1616 334 1787 375 Placido

220 389 373 438 animo,
404 392 626 439 mansueto,
655 389 882 441 mayn01).
916 422 923 430 .
957 422 964 429 .
994 403 1075 430 non
1095 393 1165 440 est,
1186 390 1292 439 quod
1310 389 1550 441 indiyneris,
1582 393 1788 440 tamquam

218 421 377 492 aliquid
391 443 484 483 novi
500 443 713 492 acciderit,·
721 444 763 496 2)
771 444 902 495 maqis
914 443 1061 484 mirari
1076 444 1248 494 deberes,
1268 443 1306 483 si
1324 456 1406 484 non
1427 444 1637 484 accidisset
1644 445 1731 496 ³)..

218 496 410 549 Adspice,
466 498 805 547 quemadmodum
857 498 1075 538 immensae
1129 497 1338 537 hominum
1389 497 1631 549 cupiditates
1678 475 1789 537 hient

216 564 373 602 semper
402 554 440 589 et
464 552 675 603 poscant4)
713 565 795 591 non
822 552 1037 592 miraberis
1066 551 1122 591 ibi
1150 552 1352 591 neminem
1370 552 1549 601 reddere,
1573 552 1644 591 ubi
1673 565 1786 591 nemo

216 605 320 645 satis
337 605 537 658 accepit.⁵)
556 605 677 646 Jnter
693 605 877 657 adfectus
892 605 1209 658 inquietissimos
1228 618 1314 645 rem
1332 605 1637 656 quietissimam,
1653 605 1786 656 fidem,

216 659 410 711 quaeris?

348 715 409 755 Ne
422 716 509 755 iura
521 716 681 768 quidem
693 717 860 756 iuranda
873 717 924 757 ab
937 717 1162 757 hominibus
1178 717 1341 769 perditis
1359 717 1510 756 servari
1525 720 1658 756 noster
1675 729 1788 756 mon-

216 774 316 809 strat
329 783 393 809 w.
411 771 475 810 76.
490 784 547 822 sq.
595 771 760 811 Animos
780 772 1031 823 periurorum
1046 773 1191 824 optime
1206 771 1394 811 describit
1413 772 1518 811 86—-
1525 771 1614 810 119.
1657 770 1788 810 Etiam

216 838 298 875 eos,
336 825 405 876 qui
433 825 528 865 deos
565 838 651 865 esse
681 826 843 866 credant
871 830 911 865 et
939 831 1128 876 metuant,
1165 839 1215 866 ne
1243 839 1373 878 poena
1400 825 1554 865 facinus
1588 829 1790 877 sequatur,

215 884 402 931 proterva
421 879 550 919 fronte
570 882 748 932 peierare
756 880 789 929 6)
809 881 865 920 ait
873 885 1083 944 sperantes
1102 885 1171 920 aut
1187 881 1336 920 lentam
1355 881 1470 920 fore*
1460 893 1562 919 iram
1581 880 1746 919 deorum
1756 879 1785 927 ⁷)

216 938 287 973 aut
313 934 559 985 placabilem.
570 933 604 985 ⁸)
662 935 798 974 Simile
817 935 1030 987 quicquam
1050 939 1167 988 atque
1182 935 1279 974 haec
1299 935 1421 974 verba
1440 947 1634 986 nusquam
1654 934 1788 973 inveni

215 992 257 1027 et
284 988 439 1039 ignoro,
474 1002 525 1027 an
554 1002 670 1028 nemo
700 990 839 1028 melius
868 990 1103 1038 narraverit,
1138 990 1332 1042 quomodo
1361 990 1561 1041 peccaturi
1596 989 1789 1028 eiusmodi

217 1042 567 1082 deliberationibus
603 1044 725 1082 animi
755 1056 944 1095 angorem
982 1021 1121 1083 tollere
1150 1044 1361 1084 studerent.
1428 1043 1538 1082 Haec
1568 1047 1700 1082 autem
1730 1048 1790 1082 est

217 1097 413 1148 sapientia
440 1110 533 1135 vere
553 1099 766 1149 popularis.
824 1098 963 1149 Neque
983 1099 1090 1137 enim
1105 1099 1239 1138 multis
1253 1098 1384 1137 verbis
1400 1097 1619 1136 Stoicorum
1636 1098 1788 1136 ratione

215 1151 423 1190 disseritur
456 1151 687 1203 sapientem,
728 1152 875 1204 quippe
915 1152 979 1191 cui
1019 1156 1183 1192 externa
1220 1153 1417 1204 ἀδιάφορα
1457 1152 1535 1192 sint
1573 1164 1788 1203 omnesque

213 1205 817 1257 cupiditatesillicitae‚desinere
824 1207 981 1246 divitias
997 1220 1141 1259 cupere
1156 1211 1225 1246 aut
1236 1208 1286 1246 ob
1296 1220 1362 1246 eas
1375 1207 1524 1246 seelera
1531 1207 1786 1254 committere,

213 1260 285 1298 sed
314 1260 544 1311 simpliciter
563 1261 771 1313 exponitur
799 1262 918 1300 etiam
937 1262 1117 1313 periuros
1146 1274 1225 1301 non
1247 1262 1331 1300 sine
1359 1261 1438 1300 ullo
1468 1262 1608 1300 timore
1636 1273 1787 1312 poenae

213 1314 375 1355 divinae
404 1328 503 1355 esse.

348 1370 472 1408 Multa
500 1383 586 1408 esse
615 1371 720 1408 mala
748 1371 900 1409 maiora
929 1370 1068 1409 fraude
1091 1370 1298 1409 Juvenalis
1331 1371 1500 1421 explicat
1527 1383 1589 1408 vv.
1623 1370 1699 1407 126
1715 1383 1786 1420 sq.,

215 1427 259 1461 ut
288 1423 438 1462 amicus
467 1424 616 1463 malum
647 1424 861 1464 admodum
890 1437 1057 1477 parvum
1087 1424 1162 1465 sibi
1196 1424 1386 1464 accidisse
1421 1428 1641 1476 cognoscat.
1652 1421 1684 1472 ⁹)
1740 1423 1787 1462 In

215 1478 276 1517 his
305 1479 513 1531 sacrilegia
542 1478 794 1528 numerat,¹⁰)
816 1493 917 1532 quae
938 1494 961 1519 a
979 1480 1223 1532 philosophis
1248 1493 1438 1532 persaepe
1465 1479 1677 1531 perstringi
1697 1492 1789 1518 con-

218 1537 454 1572 sentaneum
483 1533 616 1583 est.¹¹)

349 1587 477 1628 Venio
506 1601 610 1628 nunc
637 1588 688 1628 ad
719 1589 885 1628 alteram
905 1592 1062 1628 saturae
1080 1593 1246 1641 partem,
1267 1589 1307 1628 iu
1333 1601 1411 1641 qua
1432 1592 1625 1637 narratur,
1647 1587 1788 1640 quibus

215 1644 426 1682 tormentis
446 1644 626 1682 homines
647 1644 825 1682 conscii
846 1643 1089 1683 malefacti
1109 1644 1393 1682 excrucientur.
1407 1643 1457 1693 12)
1495 1643 1637 1681 Paucis
1657 1642 1788 1681 verbis

214 1709 412 1735 summam
443 1698 526 1736 eius
555 1698 759 1749 proposuit
787 1711 850 1736 vv.
885 1699 1008 1737 1—4:

412 1771 615 1823 Exemplo
644 1772 919 1825 quodcumque
948 1772 1056 1812 malo
1086 1771 1362 1822 committitur,
1392 1771 1473 1824 ipsi

412 1826 600 1878 displicet
629 1826 801 1873 auctori;
831 1826 968 1878 prima
997 1829 1057 1866 est
1084 1826 1180 1866 haec
1208 1826 1322 1876 ultio,
1353 1827 1458 1878 quod
1485 1839 1526 1865 se

409 1879 543 1921 iudice
573 1894 687 1921 nemo
717 1893 863 1921 nocens
893 1880 1126 1931 absolvitur,
1157 1881 1340 1933 improba
1369 1880 1551 1933 quamvis

412 1936 549 1986 qratia
578 1935 720 1986 fallaci
747 1935 950 1988 praetoris
977 1935 1119 1975 vicerit
1146 1949 1265 1975 urna.

346 2012 526 2052 Eandem
556 2014 793 2052 sententiam
826 2014 991 2065 praebet
1019 2014 1170 2052 Seneca
1200 2026 1259 2064 ep.
1292 2014 1356 2051 42.
1371 2024 1390 2055 2
1427 2043 1435 2051 .
1467 2043 1475 2050 .
1509 2044 1517 2051 .
1549 2042 1557 2049 .
1594 2024 1666 2050 nec
1699 2012 1787 2050 ulla

213 2062 347 2103 maior
384 2077 514 2116 poena
543 2065 747 2118 nequitiae
776 2069 835 2106 est
864 2079 985 2119 quam
1014 2066 1119 2127 quod
1146 2065 1224 2106 sibi
1254 2078 1299 2105 ac
1327 2065 1415 2105 suis
1444 2065 1629 2118 displicet
1655 2067 1738 2106 de
1728 2080 1787 2106 ira

214 2118 286 2159 111.
320 2121 384 2160 26.
400 2132 418 2164 2
448 2120 640 2160 Maoeima
668 2123 726 2160 est
754 2120 863 2161 enim
890 2121 1023 2171 factae
1048 2120 1228 2160 iniuriae
1253 2133 1384 2172 poena
1407 2120 1561 2171 fecisse,
1589 2134 1660 2160 nec
1681 2120 1786 2173 quis-

214 2185 336 2224 quam
355 2175 523 2224 qravius
544 2174 725 2225 afficitur
744 2188 866 2225 quam
887 2175 956 2228 qui
972 2176 1025 2215 ad
1040 2174 1290 2227 supplicium
1309 2174 1577 2227 poenitentiae
1594 2174 1784 2214 traditur.

212 2229 278 2269 cf.·
282 2228 385 2277 Phil.
403 2231 450 2271 fr.
463 2230 511 2281 ¹3)
527 2230 579 2271 II.
598 2231 675 2271 649
698 2229 743 2270 Ο
760 2238 846 2279 νοῦς
868 2232 908 2271 ἐν
929 2232 1087 2284 ἑκάστῳ
1105 2231 1251 2284 μάρτυς
1271 2232 1374 2271 ἐστὶν
1395 2233 1447 2271 ὢν
1465 2232 1504 2271 ἐν
1522 2233 1664 2284 ἀφανεῖ
1679 2231 1784 2284 ἐβου-

351 2363 381 2403 1)
406 2362 450 2396 cf.
474 2362 557 2397 Juv.
583 2372 643 2395 vv.
669 2363 720 2399 11.
748 2364 797 2403 12,
824 2363 894 2396 143.

345 2407 379 2446 2)
404 2407 448 2440 cf.
473 2408 556 2448 Ssq.
690 2406 725 2445 3)
748 2405 792 2438 cf.
818 2415 874 2439 vv.
900 2407 943 2439 60
956 2415 1009 2448 sq.
1141 2406 1176 2445 4)
1200 2405 1243 2439 cf.
1269 2406 1311 2439 23
1321 2414 1373 2447 sq.
1506 2405 1540 2443 5)
1565 2405 1609 2439 cf.
1634 2415 1666 2438 v.
1690 2405 1742 2438 34.

347 2450 380 2490 6)
405 2450 448 2484 cf.
474 2449 563 2484 Max.
590 2448 672 2491 Tyr.
696 2449 738 2481 36
751 2450 833 2490 (20).
848 2451 867 2482 2
891 2452 949 2480 καὶ
974 2451 1117 2487 δεδιότες
1134 2451 1191 2489 μὲν
1224 2448 1237 2490 <
1251 2450 1327 2487 τοὺς
1350 2448 1478 2490 θεοὺς)
1505 2449 1550 2487 ὡς
1566 2449 1785 2486 κολάζοντας,

214 2495 446 2531 ἐπιορκοῦντες
470 2495 507 2525 δὲ
529 2495 575 2531 ὡς
599 2494 692 2524 οὐδὲν
717 2493 826 2530 ὄντας.

348 2536 381 2576 7)
407 2537 452 2570 cf.
476 2547 508 2569 v.
536 2538 608 2570 100.
741 2535 775 2575 8)
801 2537 844 2573 cf,
868 2546 902 2568 v.
932 2538 1002 2570 102.
1135 2536 1169 2576 9)
1195 2535 1239 2569 cf.
1264 2535 1333 2569 Cic.
1358 2535 1460 2569 Tusc.
1487 2536 1518 2569 3
1527 2545 1569 2572 77

331 2581 383 2620 10)
411 2582 536 2623 147sq.
562 2580 622 2622 (cf.
646 2582 752 2620 8-1063
781 2581 945 2622 1426021).

330 2625 385 2663 11)
409 2624 451 2657 cf.
468 2590 559 2657 Plat.
575 2625 643 2665 leg.
662 2623 785 2664 Xcap.
806 2625 887 2666 lsq.
905 2624 976 2658 Cic.
999 2624 1068 2665 leg.
1093 2625 1122 2656 2.
1135 2634 1184 2664 4o;
1207 2623 1298 2657 Phil.
1318 2623 1347 2656 11
1365 2624 1444 2663 642;
1470 2622 1543 2656 Tel.
1567 2624 1619 2656 32.
1633 2632 1664 2658 15
1677 2622 1720 2656 ed
1735 2623 1786 2662 H,

214 2667 296 2701 Seu.
321 2667 400 2700 hen.
430 2668 453 2700 Ι.
481 2669 564 2709 104,
591 2634 635 2700 Vg
645 2670 693 2702 14
703 2676 729 2705 2,
756 2666 826 2700 VII.
851 2670 947 2708 71sq.
971 2670 1023 2701 27.
1034 2678 1068 2708 23
1097 2676 1195 2710 prov
1221 2669 1250 2700 5.
1261 2676 1285 2703 3
1307 2669 1359 2700 87.
1370 2677 1426 2703 225
1414 2684 1453 2707 sq
1476 2666 1536 2707 (cf.
1561 2665 1595 2699 L.
1613 2665 1785 2700 Schmidt.

213 2710 559 2745 ‹1.Ethikd.aloen
587 2711 643 2745 Gr.
668 2710 728 2753 Ip
731 2712 804 2744 6)
818 2711 884 2753 sq)

330 2756 382 2794 12)
408 2754 452 2787 cf
478 2755 642 2796 Wunder,
673 2754 807 2788 Seneca
836 2754 924 2796 quid
947 2755 992 2787 de
1015 2754 1072 2787 dis
1097 2755 1257 2787 senserit.
1297 2753 1558 2787 (ἂι-1111261879.
1590 2752 1784 2787 Stouflor.

218 2807 295 2840 cap
320 2798 373 2831 24.
532 2799 583 2838 13)
607 2800 680 2836 περὶ
704 2799 815 2828 ἀναστ
840 2800 898 2828 καὶ
920 2800 1005 2835 κρῐσ
1029 2807 1085 2840 ap.
1108 2797 1188 2831 Joh.
1213 2797 1375 2830 Damaso.
1400 2806 1488 2830 sacr.
1514 2796 1637 2838 parali.
1663 2798 1724 2829 349
1750 2797 1787 2830 Β.
