1980 3097
859 136 1099 173 -27—

198 263 352 303 Turbas
380 264 686 316 pedisequorum
714 268 754 304 et
780 265 1134 304 lecticariorum
1163 264 1394 317 perstringit
1427 266 1460 302 1.
1478 273 1538 306 63:

521 336 666 375 Nonne
694 335 782 375 libet
807 336 931 375 medio
958 347 1062 375 cera-s
1091 336 1249 385 implere
1275 348 1431 386 capaces

521 390 742 441 quadrivio,
769 403 857 431 cum
884 392 967 430 iam
994 392 1100 430 sexta
1127 391 1268 432 cervice
1291 389 1530 441 feratur...
1547 417 1558 428 .

417 447 466 484 67
522 447 699 496 sz‘ynator
725 446 832 495 falsi.
892 447 940 485 cf.
963 447 999 485 3.
1016 457 1079 488 244
1100 460 1156 497 sq.
1164 446 1197 495 1)

199 514 289 552 Sen
322 527 381 576 ep.
411 515 474 553 31.
494 526 551 558 10:
584 544 618 554 ..
665 516 809 555 ‚turba
837 528 1034 555 servorum
1065 515 1231 556 lecticam
1257 528 1330 567 per
1358 515 1505 555 itinera
1534 513 1694 554 urbana
1724 525 1772 553 ac

195 582 406 620 pereyrma
431 571 677 620 portantium
704 601 821 609 .....
826 570 857 618 2)

326 635 454 674 Locus
490 637 707 675 communis
742 641 801 674 est
828 636 1070 688 philosophis
1099 637 1356 688 popularibus
1390 634 1600 686 descriptio
1630 633 1767 673 mini-

197 693 396 729 strorum
417 691 596 730 dominos
615 691 660 730 in
682 691 850 730 balnea
874 691 1108 729 sectantium
1128 704 1258 741 neque
1278 705 1301 729 a
1321 690 1444 729 nostri
1467 690 1611 728 saturis
1633 690 1763 728 abest:

197 761 233 797 7.
250 771 322 805 129.
1129 761 1257 800 eaeitus
1285 760 1347 799 hic
1373 763 1426 799 est

523 814 712 865 Tonqilii‚
742 826 884 865 maqno
910 827 997 853 cum
1027 814 1268 854 rhinocerote
1296 814 1426 853 lavari

520 869 590 917 qui
616 868 710 907 solet
735 871 770 907 et
796 871 909 907 vexat
936 867 1130 908 lutulenta
1158 868 1298 908 balnea
1326 868 1440 907 turba
1457 898 1466 907 .
1485 899 1493 906 .
1514 867 1558 916 ,3)

196 940 245 978 cf.
262 940 357 978 Luc.
374 939 484 990 Nigr.
506 940 553 977 13
576 968 584 977 .
608 969 617 976 .
640 969 648 977 .
671 940 757 978 ἀλλ’
778 940 860 978 ἐπεὶ
879 941 956 978 κάν
975 946 1052 985 τοῖς
1070 939 1293 991 γυμνασίοις
1313 940 1382 976 καὶ
1400 940 1575 989 λουτροῖς
1594 939 1763 989 ὀχληρὸς

194 994 245 1044 ῆν
276 993 424 1045 θλίβων
452 999 530 1039 τοῖς
558 993 726 1039 οἰκέταις
753 994 822 1032 καὶ
852 998 1106 1045 στενοχωρῶν
1134 995 1222 1040 τοὺς
1254 994 1521 1040 ἀπαντῶντας,
1550 993 1684 1044 ἡσυχῇ
1711 1006 1767 1038 τις

199 1050 246 1086 ἂν
267 1047 487 1098 ἐφθέγξατο
505 1076 513 1084 .
532 1077 540 1085 .
560 1078 568 1085 .
590 1047 750 1086 Δέδοικε
773 1048 825 1098 μὴ
841 1048 1122 1098 παραπόληται
1143 1047 1285 1099 μεταξὺ
1305 1047 1503 1097 λούμενος.
1535 1047 1584 1084 cf.
1602 1060 1686 1097 cap.
1700 1047 1764 1083 34.

197 1100 332 1145 Qualis
361 1102 412 1140 sit
438 1102 555 1140 turba
573 1101 641 1140 illa
660 1102 865 1149 lutulenta,
896 1102 1070 1141 Senecae
1091 1115 1152 1153 ep.
1175 1103 1225 1141 56
1247 1101 1373 1150 docet,
1403 1100 1472 1139 ubi
1495 1101 1606 1139 initio
1631 1101 1767 1139 fremi-

195 1161 259 1196 tus
286 1156 519 1196 balneorum
548 1169 593 1195 ac
623 1157 752 1195 studia
773 1162 980 1195 unctorum
1000 1161 1039 1195 et
1058 1157 1281 1208 alipilorum
1302 1156 1579 1206 depinguntur.
1630 1155 1766 1194 Redeo

197 1211 247 1249 ad
267 1210 440 1250 Graecos
460 1214 656 1249 auctores:
676 1211 802 1263 Epict.
819 1210 892 1250 ΙΙΙ.
910 1212 975 1258 26,
992 1222 1050 1254 21:
1071 1210 1127 1250 Σὺ
1144 1242 1152 1250 .
1171 1240 1178 1247 .
1199 1240 1208 1249 .
1226 1210 1420 1257 δέδοικας,
1443 1210 1496 1262 μὴ
1518 1212 1562 1248 οὐ
1584 1215 1686 1262 σχῇς
1701 1239 1709 1247 .
1730 1240 1738 1248 .
1757 1239 1765 1247 .

197 1265 339 1312 ἄλλους
353 1267 441 1311 τοὺς
453 1265 815 1316 ἀκολουθήσοντας,
826 1266 873 1304 ἵν’
888 1266 928 1304 ἐν
943 1272 996 1317 τῷ
1013 1265 1207 1317 βαλανείῳ
1224 1265 1491 1316 ἐκδυσάμενος
1507 1265 1576 1303 καὶ
1592 1264 1770 1310 ἐκτείνας

197 1322 361 1358 σεαυτὸν
377 1319 429 1365 ὥς
444 1320 740 1370 ἐσταυρωμένον
755 1320 865 1371 τρίβῃ
881 1320 996 1358 ἔνθεν
1012 1321 1080 1357 καί
1096 1320 1211 1358 ἔνθ-εν
1227 1333 1264 1357 κ.
1278 1332 1310 1356 τ.
1325 1318 1359 1356 λ.
1378 1319 1426 1356 ef.
1441 1318 1510 1356 IV.
1527 1320 1564 1356 4.
1577 1329 1630 1361 -24,
1661 1318 1766 1356 Plut.

194 1386 324 1466 ffaec'
345 1374 441 1425 reip.
464 1386 545 1425 ger.
568 1373 677 1417 31.8,
715 1373 764 1413 Μ.
788 1374 885 1413 Aur.
914 1374 946 1412 I.
972 1375 1020 1412 16
1051 1374 1104 1426 (p.
1132 1374 1170 1413 8.
1183 1385 1227 1417 20
1255 1372 1315 1412 ed.
1343 1372 1469 1421 Stich)
1501 1372 1625 1412 Clem.
1650 1372 1766 1424 paed.

240 1428 258 1466 I
298 1441 382 1478 cap.
406 1431 441 1466 5.

328 1491 502 1536 Quanti
544 1493 669 1532 servi
713 1497 944 1542 emantur,
987 1493 1242 1533 vehementer
1284 1493 1490 1533 Juvenalis
1532 1492 1593 1532 his
1635 1493 1769 1533 verbis

195 1549 384 1598 increpat.
417 1550 453 1586 5.
470 1559 511 1590 56

415 1634 590 1645 .....
615 1607 743 1656 pretio
770 1607 918 1646 maiore
938 1609 1123 1657 paratus,

412 1673 532 1710 quam
558 1660 641 1710 fuit
666 1663 702 1700 et
731 1660 842 1700 Tulli
868 1673 1004 1701 census
1025 1661 1221 1713 puqnacis
1248 1665 1283 1701 et
1310 1662 1414 1701 Anci

412 1718 459 1766 et,
487 1727 537 1754 ‘ne
565 1717 599 1753 te
628 1717 791 1764 teneam,
821 1715 1096 1755 Romanorum
1128 1716 1263 1755 omnia
1291 1729 1424 1767 reyum

416 1768 575 1818 frivola.

327 1839 517 1878 Similiter
564 1839 715 1878 Seneca
757 1840 985 1891 opulentum
1034 1840 1234 1879 hominem
1281 1840 1430 1889 irridet,
1479 1841 1541 1879 cui
1589 1841 1765 1879 centenis

195 1894 353 1933 milibus
382 1897 517 1933 consta
526 1898 570 1933 nt
598 1894 743 1946 singuli
772 1895 875 1933 servi
901 1895 1076 1943 litterati,
1106 1908 1166 1947 ep.
1198 1895 1261 1933 27.
1280 1906 1309 1938 7,
1319 1894 1354 1944 4)

326 1958 429 1998 Illud
457 1959 651 2010 gravioris
679 1959 881 2009 momenti,
911 1960 1015 2012 quod
1044 1959 1179 1999 scribit
1213 1961 1262 1999 de
1290 1961 1467 1999 vestitu
1501 1960 1762 2011 habituque

196 2026 344 2053 eorum.
402 2013 590 2053 Formam
628 2018 876 2067 aetatemque
910 2014 1073 2054 Gaetuli
1108 2014 1351 2067 Ganymedis
1385 2015 1525 2054 acerbe
1561 2015 1767 2067 praedicat

197 2068 232 2107 5.
249 2079 291 2111 56
300 2082 370 2120 sq„
391 2083 470 2120 qua
495 2070 536 2108 in
560 2083 603 2109 re
623 2070 816 2109 consentit
835 2083 926 2109 cum
949 2069 1152 2109 Clemente
1175 2070 1444 2109 Alexandrino
1465 2070 1577 2121 paed.
1599 2069 1672 2108 111.
1691 2072 1760 2108 26:

193 2123 380 2175 οἰνοχόων
408 2136 450 2162 τε
479 2123 609 2176 ὅμιλος
634 2125 813 2163 ἀσκεῖται
841 2124 935 2176 παρ’
958 2125 1085 2171 αὐτοῖς
1113 2125 1183 2163 καὶ
1203 2124 1414 2177 μειρακίων
1444 2123 1598 2176 ὡραίων
1623 2124 1765 2175 ἀγέλαι

195 2177 385 2228 καθάπερ
424 2178 675 2230 θρεμμάτων,
719 2179 813 2230 παρ’
849 2180 902 2217 ὢν
938 2179 1172 2230 ἀμέλγονται
1204 2181 1247 2217 τὸ
1282 2179 1438 2225 κάλλος.
1501 2179 1612 2217 Idem
1648 2178 1765 2218 Philo

195 2231 319 2270 fusius
346 2237 504 2271 enarrat
523 2233 571 2272 de
590 2233 658 2271 vit.
680 2237 782 2272 cont.
805 2234 849 2272 6;
880 2233 1092 2272 Διακονικὰ
1111 2233 1341 2284 ἀνδράποδα
1367 2232 1674 2284 εὐμορφότατα*
1694 2234 1765 2272 καὶ

329 2328 361 2369 1)
385 2328 506 2363 Liceat
521 2329 582 2363 hic
598 2328 783 2363 clientium
800 2338 941 2372 quoque
956 2329 1075 2363 facere
1090 2329 1318 2370 mentionem,
1331 2329 1394 2372 qui
1411 2329 1629 2363 comitantur
1643 2332 1762 2372 patro-

195 2381 291 2405 num.
341 2375 369 2406 l.
381 2382 430 2408 45.
459 2373 577 2406 ardeat
596 2373 658 2413 ira,
689 2372 694 2412 Ι
724 2383 799 2406 cum
815 2373 1001 2415 populum
998 2373 1145 2415 qreqibus
1165 2373 1317 2406 vomitum
1335 2374 1461 2413 premit
1479 2373 1531 2406 hw
1551 2373 1708 2414 spoliator
1738 2375 1743 2413 Ι

193 2416 358 2459 pupilli..
404 2415 448 2449 cf.
466 2418 556 2452 7-141
575 2425 626 2459 sq.
642 2398 673 2450 3.
685 2425 736 2452 239
747 2425 799 2458 sq.
815 2418 880 2451 284
904 2416 951 2457 (v.
969 2408 1047 2450 S'en.
1065 2416 1143 2451 ben.
1159 2416 1218 2450 VI.
1230 2417 1282 2450 34.
1293 2427 1327 2457 4;
1351 2425 1436 2450 rem.
1454 2418 1502 2450 10.
1514 2416 1563 2457 4).
1602 2417 1641 2451 In
1664 2426 1763 2459 mag-

194 2468 282 2493 num
304 2468 488 2493 servorum
504 2460 712 2493 comitatum
730 2459 900 2517 Nigrinus
915 2461 1068 2494 incurrit
1083 2469 1158 2502 cap.
1178 2462 1226 2494 13.
1251 2462 1410 2500 ἐμέμνητο
1427 2462 1501 2500 γοῦι
1516 2470 1604 2498 τινος
1627 2463 1690 2491 τῶν
1705 2471 1762 2491 πο-

194 2502 373 2543 λυχρύσων
398 2502 436 2541 ὃς
457 2504 565 2535 ἐλθὼν
581 2502 744 2543 Ἀθήναζε
761 2502 838 2543 μάλ’
853 2505 1010 2545 ἐπίσημος
1025 2505 1084 2536 καὶ
1100 2505 1257 2544 φορτικὸς
1273 2504 1470 2535 ἀκολοὺθων
1484 2504 1578 2545 ὄχλῳ
1592 2529 1598 2536 .
1615 2529 1620 2536 .
1636 2530 1642 2536 .
1658 2530 1664 2535 .
1679 2506 1762 2545 ‹Be-co

196 2548 347 2587 ζηλωτὸς
370 2547 452 2578 εἶναι
473 2551 551 2578 πᾶσι
572 2550 640 2585 τοῖς
662 2546 851 2587 Ἀθηναίοις
877 2558 908 2579 κ.
922 2558 948 2579 τ.
962 2549 992 2579 λ.
1039 2548 1083 2581 cf.
1100 2557 1175 2590 cap.
1192 2549 1245 2581 34.

326 2590 360 2630 2)
385 2590 429 2622 cf.
453 2590 531 2623 Sen.
562 2600 581 2624 e
643 2592 763 2630 110173
788 2591 833 2623 de
857 2601 889 2623 v.
913 2591 1020 2624 beata
1046 2593 1094 2624 17.
1104 2601 1138 2631 2;
1167 2592 1210 2625 tr.
1234 2600 1289 2624 an.
1313 2592 1343 2623 8.
1353 2601 1386 2629 63
1417 2592 1528 2625 const
1557 2594 1652 2633 14.1;
1681 2592 1762 2625 ben.

195 2632 373 2669 V11.28.5.
418 2601 778 2676 cf.[1,ucffcyn.1o.

327 2677 363 2716 3)
388 2677 691 2718 cf.Juv.·11.15⁴.-·.;
715 2680 812 2713 6..422

324 2720 361 2761 4)
388 2720 451 2759 (cf.
476 2720 587 2755 Varro
610 2723 683 2760 περὶ
705 2723 890 2761 ἐδεσμάτων
912 2730 968 2764 ap.
993 2720 1244 2756 Ge11.15.19=
1258 2720 1300 2753 fr.
1317 2723 1419 2761 404).
