1980 3097
869 143 1111 181 —90-

196 272 384 323 vulgarer
423 272 660 311 Ausdriicke
702 276 817 310 unter
856 272 1111 312 scheinbarer
1149 272 1465 324 Kuustlosigkeit
1505 273 1575 311 das
1611 273 1775 311 hochste

197 325 467 365 Raffinement
506 326 587 365 und
627 326 870 365 rhetorische
910 326 1178 378 Berechnung
1216 327 1334 379 birgt,
1376 349 1427 355 —
1468 327 1539 366 das
1578 326 1778 378 ungefahr

197 381 285 420 sind
314 381 379 420 die
408 381 688 420 Kennzeichen
718 381 790 420 der
818 380 1071 420 bioneischen
1104 381 1323 421 Diatribe.“

329 478 665 530 Contemplemur,
701 482 897 530 quatenus
932 479 1030 518 haec
1065 479 1171 532 apud
1205 483 1384 518 nostrum
1419 479 1682 522 inveniantur.
1722 500 1773 505 —

196 533 241 571 In
285 534 430 572 saturis
471 537 625 581 octava,
666 532 834 581 decima,
877 534 994 572 tertia
1027 534 1193 583 decima,
1234 538 1376 585 quarta
1409 533 1564 572 decima
1598 532 1776 583 singulas

196 588 501 638 quaestiones
561 587 762 626 morales
820 587 973 627 absolvi
1032 592 1214 639 apertum
1272 591 1342 627 est.
1430 587 1562 627 Etiam
1622 591 1774 626 sextam
1813 630 1815 634 f

196 646 371 681 saturam
412 643 461 681 ab
503 641 698 680 eiusmodi
739 641 918 681 diatribis
956 655 1034 681 non
1074 643 1288 682 abhorrere
1325 655 1371 681 ac
1409 642 1582 694 reliquas
1616 654 1773 693 quoque

194 696 361 735 refertas
401 709 487 735 esse
527 697 745 745 sententiis,
787 709 889 748 quae
927 697 976 735 ab
1015 697 1198 736 omnibus
1235 697 1478 748 philosophis
1515 695 1775 747 popularibus

195 751 337 789 iterum
376 755 495 802 atque
530 751 673 789 iterum
707 754 953 802 repetuntur,
988 764 1108 802 supra
1139 751 1455 803 explanavimus3
1490 754 1534 790 ut
1562 750 1603 801 in
1637 753 1772 789 satura

195 810 336 856 quarta
365 810 404 844 et
431 804 591 855 tertia1)
620 805 827 844 Juvenalis
856 804 1167 856 adulationem2)
1202 807 1380 858 castigat,
1410 806 1450 845 in
1480 803 1695 853 secunda3)
1733 809 1775 843 et

195 873 302 900 nona
330 861 576 899 iuventutem
606 860 874 900 effeminatam
905 864 943 899 et
970 860 1174 899 libidinem
1204 865 1371 900 naturae
1400 863 1702 912 repugnantem,
1731 858 1774 898 in

193 915 444 963 undecima4)
479 915 677 954 luxuriam
707 928 908 964 cenarum,
943 915 984 954 in
1014 915 1249 955 duodecima
1277 919 1603 955 testamentorum
1633 917 1771 966 capta-

192 971 342 1009 tionem
372 971 452 1017 (vv.
485 969 703 1017 93—120).

324 1035 407 1074 Nec
437 1034 567 1073 minus
597 1039 756 1074 saturae
777 1036 939 1086 quintae
968 1039 1246 1086 argumentum
1276 1048 1299 1074 a
1317 1035 1567 1087 philosophia
1595 1035 1768 1073 alienum

191 1103 278 1129 esse
307 1094 464 1141 praeter
498 1102 722 1128 sermonem
759 1103 876 1140 quem
907 1090 1108 1129 Lucianus
1138 1090 1187 1128 de
1222 1090 1404 1129 mercede
1440 1089 1643 1129 conductis
1672 1102 1766 1128 con-

192 1145 360 1196 scripsit,
391 1143 570 1182 eiusdem
600 1144 828 1183 Saturnalia
857 1144 950 1183 satis
980 1144 1196 1183 declarant.
1207 1143 1238 1190 ⁵)

324 1215 674 1255 Sermocinatio
704 1214 733 1255 J
737 1216 913 1254 uvenalis
942 1216 1099 1255 mobilis
1128 1220 1188 1255 est
1217 1219 1256 1255 et
1283 1219 1367 1255 arte
1396 1228 1531 1254 carere
1560 1215 1727 1254 videtur.
1738 1213 1770 1264 ⁶>

189 1270 306 1309 Modo
336 1270 470 1309 brevis
499 1274 559 1309 est
588 1270 707 1309 dictio
729 1271 844 1309 modo
866 1271 1085 1320 abundans,
1116 1276 1159 1310 ut
1187 1271 1229 1309 in
1259 1275 1393 1310 satura
1422 1273 1532 1309 sexta
1557 1270 1768 1309 mulierum

191 1325 286 1364 vitia
317 1326 396 1364 alia
427 1325 560 1364 multis
593 1326 772 1364 versibus
803 1326 994 1377 depingit,
1025 1326 1104 1364 alia
1133 1338 1253 1377 quam
1283 1325 1515 1364 brevissime
1555 1324 1722 1376 stringit.
1736 1323 1770 1372 ⁷)

189 1379 236 1417 In
266 1383 401 1418 satura
430 1379 584 1418 decima
613 1392 661 1418 ea
689 1393 795 1431 pars,
830 1379 872 1418 in
908 1393 987 1431 qua
1020 1380 1069 1418 de
1103 1379 1230 1418 forma
1258 1378 1442 1431 agitur,⁸)
1486 1378 1648 1417 dimidio
1682 1378 1769 1417 fere

189 1434 318 1472 minor
338 1438 398 1472 est
413 1446 532 1484 quam
549 1446 608 1483 ea,
629 1434 667 1472 in
687 1447 765 1484 qua
784 1434 965 1472 homines
979 1434 1140 1485 longam
1153 1434 1275 1472 vitam
1292 1433 1722 1485 optantesincusantur.
1733 1432 1768 1479 ⁹)

189 1487 378 1527 Breviore
409 1488 588 1526 oratione
622 1488 663 1526 in
692 1488 832 1527 eodem
862 1488 1036 1527 carmine
1065 1488 1093 1526 ii
1121 1488 1408 1539 vituperantur,
1445 1487 1512 1538 qui
1542 1487 1767 1538 eloquentia

188 1543 356 1593 gloriam
394 1542 560 1594 adipisci
588 1541 798 1590 volunt,¹⁰)
828 1556 947 1594 quam
986 1543 1053 1594 qui
1090 1543 1130 1581 in
1166 1543 1268 1582 bello
1305 1542 1475 1581 honores
1503 1540 1767 1593 quaerunt.¹¹)

189 1598 267 1635 Sed
297 1598 396 1636 haec
424 1597 538 1648 parvi
566 1598 757 1635 momenti
787 1601 888 1636 sunt.

319 1661 424 1702 Illud
453 1662 576 1701 multo
601 1663 773 1715 gravius,
806 1663 911 1715 quod
940 1676 1086 1715 magna
1115 1663 1358 1715 negligentia
1378 1675 1496 1714 saepe
1516 1662 1768 1713 interrumpit

324 1821 355 1862 1)
380 1833 437 1856 vv.
462 1824 614 1858 85—108
638 1825 854 1866 (211-2-20).

317 1867 351 1903 2)
376 1867 420 1899 cf.
437 1867 516 1900 Dio.
533 1867 614 1900 Chr.
633 1868 691 1901 III.
712 1869 839 1901 16—24
856 1879 888 1909 p.
905 1870 945 1901 41
965 1868 1021 1908 D.;
1040 1868 1209 1901 LXXVIII
1225 1869 1268 1900 35
1285 1877 1317 1909 p.
1331 1869 1407 1900 282.
1424 1867 1493 1907 (Ps.
1511 1867 1620 1900 Phoc.
1637 1869 1676 1899 91
1694 1867 1765 1908 sq.)

317 1909 352 1948 3)
377 1909 501 1952 Cynici
525 1910 690 1945 solebant
713 1911 889 1945 conviciis
913 1911 1063 1946 obruere
1095 1920 1202 1955 quem
1226 1910 1400 1945 videbant
1429 1909 1522 1954 pilos
1545 1909 1760 1944 evellentem

184 1952 248 1984 aut
264 1961 404 1987 comam
421 1956 608 1989 ornantem
626 1955 739 1988 autin
754 1955 943 1997 purpureis
960 1955 1186 1989 vestimentis
1202 1955 1459 1989 ambulantem.
1496 1953 1557 1996 Ep.
1575 1953 1635 1987 III.
1652 1955 1705 1987 22.
1718 1959 1760 1987 11.

314 1997 348 2036 4)
372 1996 526 2031 Maxime
548 1999 586 2031 in
610 1998 680 2032 hac
704 2001 828 2032 satura
853 1999 927 2032 vita
950 1999 1085 2032 rustica
1108 1998 1311 2032 celebratur
1333 1998 1394 2038 (cf.
1419 1998 1627 2036 14.166—187)
1652 2006 1761 2039 quam

184 2037 335 2072 laudant
357 2040 556 2082 Xenophon
581 2041 710 2075 Oecon.
740 2043 771 2081 5,
795 2041 866 2074 Cic.
889 2041 962 2075 Cat.
987 2043 1027 2076 51
1046 2051 1098 2084 sq.
1122 2042 1181 2075 off.
1205 2041 1221 2073 I
1249 2043 1319 2081 151,
1349 2040 1486 2074 Muson.
1509 2049 1564 2083 ap.
1588 2039 1637 2073 St.
1660 2041 1713 2073 56.
1728 2044 1763 2070 19

184 2080 241 2131 (lli.
265 2082 328 2116 337
346 2084 414 2126 sq.)
439 2084 506 2119 Dio
531 2084 611 2118 Chr.
630 2084 691 2118 V11
717 2084 821 2125 (Max.
838 2084 918 2126 Tyr.
935 2087 979 2119 30
994 2085 1064 2125 (14)
1082 2084 1126 2119 cf.
1145 2085 1281 2118 Hobein
1306 2094 1340 2127 p.
1358 2084 1425 2123 67).
1446 2103 1490 2107 —
1505 2094 1539 2117 v.
1556 2083 1760 2124 Praechter‚

185 2125 279 2158 Hier.
305 2126 340 2158 d.
365 2127 413 2161 St.
438 2130 497 2167 65;
521 2128 724 2161 Wendlaud
748 2131 884 2170 quaest.
908 2128 996 2162 Mus.
1020 2126 1088 2161 26².

315 2169 350 2209 5)
375 2170 419 2204 cf.
445 2179 545 2213 capp.
575 2173 622 2204 17.
637 2173 689 2204 21.
704 2172 758 2204 22.
771 2172 823 2204 28.
839 2172 891 2205 32.
914 2190 958 2195 -
974 2171 1171 2205 Lucianum
1186 2170 1355 2205 Juvenali
1379 2179 1444 2204 sua
1459 2169 1591 2204 debere
1607 2168 1761 2203 Gerckio

184 2209 318 2250 (Goett.
342 2214 410 2255 gel.
435 2215 521 2248 Anz.
549 2216 632 2248 1896
661 2224 695 2257 p.
720 2216 781 2248 971
796 2215 863 2257 sq.)
893 2224 964 2250 non
993 2214 1162 2256 concedo,
1191 2223 1274 2248 cum
1297 2214 1446 2248 Heinzio
1475 2213 1661 2253 assentiar,
1695 2214 1758 2255 qui

183 2253 338 2289 Graecos
361 2259 526 2291 auctores
549 2258 690 2292 litteras
714 2258 891 2292 Romanas
915 2258 1172 2301 contempsisse
1197 2257 1444 2301 comprobavit
1466 2258 1500 2291 d.
1526 2257 1607 2291 Hor.
1631 2257 1673 2290 Β.
1695 2257 1756 2290 im.

185 2299 323 2333 10—14.
370 2301 568 2335 Amborum
591 2302 793 2336 communis
817 2301 897 2336 fons
912 2302 1143 2345 philosophia
1163 2302 1348 2345 popularis
1372 2303 1408 2336 et
1431 2300 1635 2336 observatio
1660 2300 1758 2334 vitae

183 2344 256 2394 ρετ..
296 2342 458 2379 Forsitan
477 2345 655 2380 Lucianus
678 2346 756 2388 ipse
778 2345 825 2380 ad
842 2356 967 2381 cenam
983 2346 1172 2388 eiusmodi,
1197 2346 1315 2389 qualis
1338 2355 1360 2380 a
1382 2348 1505 2380 nostro
1529 2344 1760 2385 describitur,

181 2389 359 2433 invltatus
381 2389 534 2423 iniurias
558 2390 746 2424 clientium
765 2390 918 2424 videbat.
965 2390 1089 2433 Neque
1104 2390 1201 2424 enim
1217 2390 1368 2424 dubium
1385 2391 1450 2432 est,
1467 2389 1554 2432 quin
1569 2388 1759 2423 Juvenalis

183 2439 253 2465 non
278 2431 388 2467 nimis
412 2442 470 2467 res
493 2433 781 2477 amplificaverit.
827 2433 1022 2469 Lucianum
1046 2435 1167 2469 autem
1183 2443 1300 2469 mores
1317 2433 1506 2476 Romanos,
1528 2435 1570 2468 ut
1591 2431 1760 2467 laudator

180 2476 237 2526 est
246 2474 403 2512 Graecae
417 2478 646 2520 urbanitatis,
660 2477 836 2512 curiosius
849 2479 1032 2521 exagitare
1044 2479 1324 2513 consentaneum
1337 2480 1402 2512 est.
1412 2499 1455 2504 —-
1464 2478 1561 2511 Inter
1570 2476 1756 2511 exordium

182 2518 325 2561 Nigrini
349 2523 385 2555 et
401 2524 545 2556 saturae
561 2531 678 2555 nonae
695 2521 835 2555 nullum
851 2531 1025 2556 conexum
1042 2531 1187 2556 cernere
1203 2531 1360 2564 possum.
1406 2520 1443 2555 Si
1455 2521 1561 2555 modo
1579 2520 1759 2554 Lucianus

180 2564 364 2598 auctorem
394 2564 573 2607 quendam
602 2567 687 2599 ante
717 2564 839 2598 oculos
869 2565 1007 2605 habuit,
1043 2574 1148 2600 nemo
1182 2565 1276 2600 alius
1299 2574 1378 2600 esse
1407 2566 1525 2608 potest
1548 2563 1619 2598 nisi
1641 2563 1754 2598 Plato.

181 2605 310 2646 Hirzel,
335 2608 428 2642 Dial.
453 2608 495 2643 ΙΙ.
520 2607 609 2643 293².

312 2653 345 2692 6)
371 2652 498 2686 Friedl.
523 2654 636 2695 praei.
660 2654 703 2686 48
716 2661 768 2694 sq.

312 2697 346 2735 7)
370 2697 540 2737 63—1133
564 2696 756 2737 300—3453
779 2697 970 2736 511-5943
995 2697 1178 2730 627—661.
1204 2714 1243 2719 —
1272 2696 1457 2737 133--135;
1483 2695 1668 2729 242-245,

310 2740 345 2779 8)
370 2740 553 2774 289-345.
690 2740 724 2780 9)
753 2739 932 2774 188-288.
1071 2741 1123 2782 10)
1150 2742 1330 2775 114-132.
1446 2740 1497 2780 11)
1524 2740 1705 2774 133—187.
