1980 3097
904 146 1147 184 -g-

234 277 355 314 etiam
377 276 528 315 Seneca
557 275 784 313 taeterrima
803 275 971 314 Hostiae
999 275 1183 318 Quadrae
1213 276 1343 317 studia
1371 277 1427 315 ita
1455 277 1633 329 depingit
1661 281 1813 328 quaest.

235 334 314 369 nat.
346 329 376 368 I.
413 332 473 378 16,
504 334 548 368 ut
576 329 762 368 Juvenali
792 330 889 368 nihil
919 329 1076 380 cedat.¹)
1798 355 1800 357 »

369 384 480 426 Quae
510 397 599 422 cum
628 385 683 421 ita
711 385 801 427 sint,
831 385 1068 422 Juvenalem
1088 384 1185 421 nihil
1205 385 1313 422 aliud
1339 386 1527 435 consequi
1546 385 1718 423 voluisse
1737 386 1814 423 nisi

236 438 289 488 id,
311 439 416 490 quod
435 437 686 491 philosophia
707 437 883 489 vulgaris
904 439 1125 486 affectabat,
1148 438 1366 490 eademque
1381 439 1535 479 ratione
1555 440 1596 479 id
1616 439 1814 480 studuisse

236 499 418 544 apertum
449 499 518 532 est.
576 493 763 544 Plerique
793 495 899 532 enim
928 493 1148 545 philosophi
1178 498 1281 531 tunc·
1301 495 1493 544 optimum
1514 508 1600 533 esse
1620 493 1815 546 putabant

235 549 424 586 virtutem
454 548 643 598 exemplis
673 548 939 598 proponendis
969 552 1008 586 et
1037 547 1375 587 adhortationibus
1404 549 1559 597 docere,
1589 553 1633 587 ut
1662 549 1814 587 Seneca

235 603 391 653 saepius
433 601 803 653 ’Peripateticorum
844 606 883 641 et
918 603 1141 641 Stoicorum
1190 603 1460 642 conclusiones
1512 602 1728 654 repudiat2)
1768 616 1813 641 ac

234 658 435 708 praecepti
464 657 569 695 illius
600 657 794 694 meminit:
832 657 873 694 ἐν
902 657 1118 707 ἀλλοτρίοις
1146 657 1442 709 παραδείγμασι
1476 658 1639 695 παίδευε
1669 660 1812 695 σαυτὸν

233 712 304 749 καὶ
348 711 513 762 ἀπαθὴς
555 716 632 749 τῶν
661 716 800 749 κακῶν
831 711 952 762 {GU-³)
981 734 1035 737 —
1063 711 1159 754 Quis
1203 716 1274 759 est,
1318 712 1385 762 qui
1427 712 1523 750 haec
1567 712 1703 762 legens
1732 725 1809 750 non

234 766 368 803 videat
396 779 584 816 magnam
614 765 911 803 similitudinem
941 779 1026 803 esse
1053 766 1196 803 saturis
1225 766 1350 803 nostri
1380 779 1468 803 cum
1487 766 1812 816 philosophorum

235 820 512 858 sermonibus?

367 874 514 918 Quales
543 875 620 912 sint
660 878 816 912 saturae
845 873 1053 912 Juvenalis
1094 878 1132 912 et
1160 874 1356 924 quomodo
1393 874 1682 925 intellegendae
1719 874 1813 911 satis

233 929 505 978 cognovimus.
563 928 677 966 Nunc
713 933 868 978 tempus
911 931 971 965 est
1013 940 1079 965 eas
1124 941 1212 966 eum
1253 928 1432 966 diatribis
1475 928 1812 980 philosophorum,

235 983 303 1035 qui
342 983 383 1022 in
430 982 573 1023 similia
620 983 836 1035 inquirunt,
882 982 1110 1035 diligentius
1149 996 1391 1035 comparare,
1440 989 1483 1023 ut
1529 984 1812 1035 investigemus

235 1052 338 1089 quae
385 1040 485 1077 ratio
533 1043 666 1077 nostro
724 1052 815 1077 cum
871 1039 947 1076 illis
994 1038 1224 1076 intercedat.
1278 1060 1323 1065 —
1373 1039 1459 1077 Iam
1506 1039 1740 1089 incipiamus
1789 1051 1812 1076 a

235 1106 414 1131 morum
462 1093 877 1144 perversitatibus,
928 1106 1024 1143 quas
1072 1097 1155 1130 tum
1193 1093 1299 1130 haud
1345 1106 1455 1131 raras
1504 1094 1625 1131 fuisse
1674 1105 1811 1131 omnes

234 1148 423 1196 historici,
472 1148 709 1199 philosophi,
754 1147 902 1186 satirici
932 1147 1192 1186 consentiunt.
1252 1147 1391 1199 Itaque
1419 1147 1625 1187 Juvenalis
1655 1160 1812 1198 quoque

232 1203 367 1241 facere
416 1216 493 1241 non
542 1204 679 1253 potuit,
739 1203 833 1253 quin
890 1202 1041 1253 prima
1097 1203 1142 1240 in
1199 1206 1360 1241 satura
1415 1204 1509 1241 item
1558 1217 1603 1241 ac
1650 1202 1811 1240 Persius

233 1261 292 1295 tot
335 1261 373 1295 et
415 1261 525 1295 tanta
567 1258 664 1295 vitia
707 1258 935 1307 sceleraque
979 1260 1241 1306 enumeraret,
1288 1261 1332 1295 ut
1374 1270 1590 1308 numquam
1633 1256 1812 1295 homines

233 1312 498 1363 corruptiores
513 1312 635 1350 fuisse
652 1312 800 1351 credas.
844 1312 974 1362 thue
993 1312 1113 1350 verba
1134 1312 1174 1349 in
1195 1312 1354 1362 flagitiis
1374 1312 1653 1350 enumerandis
1673 1311 1810 1362 rapido

235 1379 352 1404 cursu
382 1366 588 1404 Juvenalis
618 1366 760 1414 fundit,
801 1367 855 1404 ita
885 1366 1074 1416 Nigrinus
1116 1366 1374 1417 philosophus
1403 1367 1443 1404 in
1480 1367 1669 1413 oratione,
1711 1378 1813 1416 quae

234 1425 361 1459 exstat
390 1421 429 1458 in
460 1421 626 1459 Luciani
657 1421 826 1471 dialogo,
871 1421 1048 1458 animum
1092 1421 1288 1459 audientis
1316 1421 1522 1472 perturbat
1556 1433 1692 1459 omnes
1718 1421 1813 1458 istos

233 1475 519 1526 perditissimos
548 1476 741 1523 homines,
772 1475 914 1526 quibus
942 1475 983 1513 id
1012 1476 1151 1514 aetatis
1180 1476 1274 1514 urbs
1303 1475 1540 1519 abundabat,
1569 1475 1813 1526 perlustrans

234 1530 281 1569 cf.
305 1544 389 1580 cap.
415 1531 482 1568 17:
536 1529 669 1568 >>Τίπτ’
694 1529 791 1576 αὖτ’,
819 1531 848 1567 ὦ
871 1530 1051 1579 δύστηνε,
1084 1530 1206 1568 λιπὼν
1233 1531 1331 1580 φάος
1349 1530 1518 1580 ἠελίοιο<<
1543 1530 1614 1580 τὴν
1636 1527 1812 1567 Ἑλλάδα

233 1586 302 1622 καὶ
331 1585 403 1634 τὴν
433 1585 614 1635 εὐτυχίαν
659 1584 813 1633 ἐκείνην
842 1585 911 1621 καὶ
950 1585 1022 1634 τὴν
1060 1584 1292 1634 ἐλευθερίαν
1325 1584 1509 1634 »istob-eg,
1553 1585 1656 1634 ὄφρα
1698 1583 1808 1633 ἴδῃς<<

232 1640 298 1677 τὸν
320 1638 496 1677 ἐνταῦθα
517 1638 701 1690 θόρυβον,
735 1637 1018 1689 συκοφάντας4)
1050 1639 1118 1676 καὶ
1148 1639 1483 1690 προσαγορεύσεις
1502 1636 1810 1690 ὑπερηφάνουςῧ)

233 1695 302 1731 καὶ
323 1693 496 1737 δεῖπναθ)
519 1695 588 1731 καὶ
611 1693 825 1740 κόλακαςΊ)
853 1694 922 1730 καὶ
945 1693 1195 1744 μιαιφονίαςῧ)
1218 1694 1287 1730 καὶ
1306 1694 1515 1742 διαθηκῶν
1535 1691 1809 1743 προσδοκίας9)

235 1748 304 1785 καὶ
335 1746 664 1795 ἐπιπλάστου;.10)

343 1802 514 1851 Quando
547 1802 713 1850 uberior,
749 1801 877 1853 inquit
911 1807 1056 1850 noster,
1090 1802 1276 1841 vitiorum
1308 1802 1510 1851 copia?¹¹)
1573 1802 1684 1840 Idem
1727 1801 1811 1839 fere

235 1857 405 1906 legimus
440 1857 545 1907 apud
582 1857 774 1895 Senecam
811 1870 870 1906 ep.
904 1858 951 1894 51
985 1856 1007 1904 ἓ
1038 1857 1086 1894 13
1119 1888 1126 1894 .
1158 1886 1165 1893 .
1196 1887 1203 1894 .
1235 1856 1316 1896 illis
1343 1855 1442 1908 <scil
1473 1854 1597 1906 vitiis>
1627 1884 1634 1891 .
1668 1885 1676 1893 .
1709 1885 1716 1893 .
1748 1868 1815 1894 nec

229 1910 325 1960 finis
343 1914 398 1951 est
417 1924 483 1951 nec
506 1911 653 1950 modus.
694 1912 739 1950 ir.
766 1911 819 1949 ΙΙ.
841 1914 925 1953 9.1:
962 1943 969 1950 .
994 1942 1002 1949 .
1026 1941 1033 1949 .
1058 1942 1066 1950 .
1090 1941 1097 1949 .
1122 1943 1130 1950 .
1151 1910 1328 1960 Eoepuzso
1357 1911 1527 1950 melioris
1547 1910 1814 1960 aequiorisque

233 1968 415 2014 respectu,
459 1978 697 2015 quocumque
735 1965 860 2004 visum
906 1967 971 2012 est,
1003 1965 1122 2004 libido
1149 1978 1187 2003 se
1214 1965 1412 2016 impinyit,
1456 1977 1523 2004 nec
1550 1964 1702 2014 furtiva
1731 1964 1812 2002 iam

230 2019 370 2058 scelera
397 2023 510 2059 sunt:
538 2022 691 2069 praeter
723 2019 849 2058 oculos
872 2022 977 2068 eunt,
1007 2020 1175 2069 adeoque
1207 2020 1253 2058 in
1268 2019 1469 2069 publicum
1494 2019 1612 2058 missa
1631 2019 1810 2068 nequitia

232 2077 285 2112 est
314 2103 486 2113 .....
493 2106 501 2122 ,
540 2077 585 2112 ut
612 2075 840 2113 innocentia
875 2086 958 2113 non
986 2086 1096 2121 rara,
1139 2074 1203 2112 sed
1237 2073 1353 2112 nulla
1380 2074 1441 2112 sit.
1510 2074 1559 2112 cf.
1596 2086 1655 2125 ep.
1689 2074 1810 2121 90.19‚

237 2130 345 2171 7545
376 2126 479 2179 (Oet.
510 2142 573 2167 vv.
595 2129 675 2167 429
698 2128 787 2180 sq.).
839 2128 933 2166 Luc.
966 2127 1074 2179 Nigr.
1106 2142 1138 2166 c.
1166 2129 1241 2166 16:
1289 2127 1442 2166 Μεσταὶ
1470 2130 1546 2179 γὰρ
1579 2130 1706 2174 αὐτοῖς
1734 2133 1811 2166 τῶν

233 2183 427 2233 φιλτάτων
471 2191 598 2222 πᾶσαι
643 2185 711 2235 μὲν
755 2183 900 2234 ἀγυιαί,
941 2189 1069 2221 πᾶσαι
1099 2183 1141 2220 δὲ
1173 2182 1327 2233 ἀγοραί,
1369 2184 1536 2233 πάρεστι
1578 2183 1621 2220 δὲ
1664 2182 1812 2227 πάσαις
1875 2180 1878 2183 ’

235 2237 374 2283 πύλαις
402 2238 473 2288 τὴν
509 2238 657 2288 ἡδονὴν
692 2237 1008 2288 καταδέχεσθαι,
1038 2243 1149 2274 τοῦτο
1187 2237 1255 2287 μὲν
1285 2235 1332 2274 δι’
1364 2237 1595 2288 ὀφθαλμῶν,
1626 2242 1738 2274 τοῦτο
1768 2236 1811 2274 δὲ

236 2290 282 2329 δι’
315 2292 423 2330 ὤτων
444 2305 485 2330 τε
515 2293 583 2330 καὶ
605 2293 731 2343 ῥινῶν,
761 2298 873 2330 τοῦτο
904 2292 946 2329 δὲ
968 2292 1037 2329 καὶ
1065 2291 1207 2342 λαιμοῦ
1235 2292 1303 2329 καὶ
1325 2290 1650 2342 ἀφροδισίων·ὑιρ’
1681 2291 1730 2340 ἧς
1759 2290 1809 2340 δὴ

235 2346 402 2394 ῥεούσης
432 2347 562 2396 ἀενάῳ
593 2360 634 2383 τε
664 2348 733 2383 καὶ
763 2346 919 2396 θολερῷ
949 2346 1109 2396 ῥεύματι
1138 2353 1264 2382 πᾶσαι
1295 2346 1364 2396 μὲν
1393 2346 1669 2396 ἀνευρύνονται
1699 2344 1805 2382 ὁδοί·

369 2518 398 2556 1)
424 2517 467 2550 cf.
486 2517 632 2558 Gereke,
650 2516 950 2551 Seneca-Studien
975 2527 1007 2559 p.
1028 2518 1088 2550 103
1106 2517 1238 2556 (annal.
1255 2516 1380 2559 philol.
1397 2516 1570 2559 supplem.
1587 2515 1682 2549 XXII
1702 2515 1809 2555 1895).

366 2562 398 2600 2)
423 2571 476 2602 cp.
501 2563 596 2599 8233
632 2563 768 2601 83.9‚18;
793 2563 861 2593 85]
881 2570 933 2603 sq.
958 2562 1054 2594 8712.
1081 2562 1125 2594 cf.
1156 2560 1241 2594 Mus.
1267 2570 1321 2603 ap.
1346 2560 1395 2594 St.
1421 2561 1461 2593 11.
1488 2562 1549 2594 125
1574 2560 1639 2600 (W.
1662 2570 1696 2602 p.
1721 2560 1809 2599 2⁴3).

363 2606 397 2642 3)
421 2605 569 2637 Demon.
593 2605 636 2638 fr.
660 2608 679 2638 4
705 2604 905 2645 (Mullach);
930 2604 974 2637 cf.
1020 2604 1111 2637 Plut.
1137 2604 1225 2646 prof.
1251 2605 1331 2637 virt.
1360 2606 1408 2637 15.
1432 2614 1466 2646 p.
1490 2606 1531 2637 85
1556 2604 1597 2636 Α.

364 2649 398 2686 4)
425 2648 469 2681 cf.
495 2658 528 2680 v.
551 2649 603 2681 33.
705 2649 739 2687 5)
765 2649 804 2681 97
831 2657 883 2689 sq.
985 2647 1017 2687 6)
1043 2649 1162 2689 94‚140
1184 2657 1235 2690 sq.
1338 2649 1370 2688 7>
1399 2649 1458 2681 119
1482 2657 1534 2689 sq.
1633 2646 1666 2686 8)
1691 2648 1731 2680 69
1756 2655 1808 2688 sq.

233 2692 266 2731 9)
292 2691 335 2725 Cf·
360 2694 401 2725 46
419 2702 470 2734 Sq-
489 2694 540 2724 67-
612 2693 663 2732 10)
688 2692 730 2726 cf.
750 2702 825 2733 cap.
857 2695 910 2727 16:
936 2691 1015 2724 Seu.
1035 2692 1113 2725 ben.
1133 2692 1156 2724 1.
1178 2694 1225 2732 10,
1246 2694 1343 2732 1-4;
1369 2690 1564 2733 [Hippocr.]
1584 2700 1637 2731 ep.
1657 2692 1740 2723 17.48
1757 2699 1808 2731 sq.

235 2734 405 2775 [neraei]
432 2745 486 2776 ep.
511 2738 572 2768 ΤΑ.
677 2736 730 2775 11)
760 2739 830 2768 187.
