1980 3097
865 147 1104 184 -12-

198 274 463 324 140—176,¹)
497 275 724 322 193-198,
755 274 1024 323 267—283.2)
1094 275 1245 319 Quibus
1287 276 1477 327 exemplis
1516 277 1771 328 philosophos

191 329 233 366 in
263 329 457 367 eiusmodi
483 330 637 380 scriptis
664 329 895 380 saepissime
920 330 976 368 uti
997 329 1045 367 R.
1068 329 1217 368 Heinze
1238 330 1333 368 scite
1353 330 1578 369 observavit
1596 330 1724 382 p.·1'7⁹
1739 329 1769 380 3)

193 383 425 422 Fundorum
447 397 704 436 possessores,
727 385 796 435 qui
815 397 932 435 agros
953 384 1058 436 agris
1077 385 1265 434 adiciunt,
1284 385 1459 423 vicinum
1479 385 1542 422 vel
1562 385 1687 436 pretio
1707 386 1772 424 vel

192 439 338 477 iniuria
357 439 563 490 pellentes,
585 452 607 477 a
629 438 781 477 Seneca
801 440 1061 491 obiurgantur
1081 452 1141 491 ep.
1166 440 1228 477 90.
1245 450 1297 482 39.
1319 439 1369 477 cf.
1391 439 1482 478 Juv.
1508 439 1769 489 142—160.4)

192 493 459 533 Mercatorum
480 495 642 533 navium
663 495 791 533 maria
810 495 929 546 plena
948 508 1033 534 esse
1054 493 1244 542 Plinius5)
1266 498 1460 534 memorat
1478 493 1525 532 N.
1546 494 1583 533 h.
1602 494 1653 533 ΙΙ.
1674 494 1768 533 118:

193 547 394 588 Immensa
427 548 639 588 multitudo
672 551 806 598 aperto
826 550 1090 602 quodcumque
1115 552 1169 588 est
1197 549 1303 587 mari
1332 549 1589 598 hospitalique
1609 548 1770 589 litorum

191 603 372 642 omnium
407 603 578 652 adpulsu
613 603 787 654 naviyat‚
820 604 885 642 sed
919 603 1032 653 lucri,
1069 616 1152 643 non
1185 603 1364 643 scientiae
1392 602 1538 655 qratia.
1608 616 1644 641 v.
1675 602 1768 642 Juv.

197 659 258 696 14.
274 668 336 700 276
351 677 402 709 sq.
425 658 473 696 cf.
495 656 619 707 [Luc]
640 657 735 710 Cyn.
755 659 790 696 8.
810 658 900 697 Seu.
920 671 980 710 ep.
997 659 1034 696 4.
1058 670 1111 701 10:
1173 658 1221 698 Ut
1236 657 1379 707 famem
1393 657 1574 706 sitimque
1590 656 1768 706 depellas,

193 740 203 750 .
227 742 233 749 .
258 740 267 749 .
290 740 300 750 .
320 724 404 751 non
423 715 475 751 est
494 724 638 751 necesse
652 712 786 750 maria
802 714 988 761 temptare
1004 725 1074 751 nec
1087 713 1195 762 sequi
1210 714 1350 752 castra..
1398 712 1447 751 cf.
1469 712 1493 750 J
1498 725 1559 750 uv.
1582 713 1658 751 193
1674 729 1726 762 sq.
1735 709 1768 759 6)

326 766 497 805 Sordes
541 767 711 818 denique
751 767 1005 818 repudiantes
1046 766 1282 807 Plutarchus
1325 771 1364 806 et
1405 767 1610 806 Juvenalis
1651 766 1769 818 plane

192 822 444 859 conveniunt.
503 822 659 860 Acerbe
694 823 940 872 castigantur
973 823 1200 872 quaestuosi
1235 823 1440 861 thesauros
1475 825 1768 870 exacervantes5

191 875 336 926 quibus
357 889 574 927 numquam
596 880 771 923 utuntur,
802 889 889 927 cup.
906 876 983 914 div.
1002 889 1033 914 c.
1053 877 1088 914 6.
1121 874 1234 915 Οὕτω
1254 877 1314 915 δεῖ
1329 876 1476 928 μᾶλλον
1497 875 1769 928 δυσχεραίνειν

190 936 267 968 τῶν
304 929 351 968 δι’
391 931 564 969 ἀσωτίαν
599 933 687 976 τοὺς
723 931 786 968 διὰ
823 930 1075 981 μικρολογίαν
1116 932 1185 968 καὶ
1235 931 1518 982 ἀνελευθερίαν
1560 930 1765 981 πονηρούς.

191 982 473 1036 Ἀφαιροῠνται
506 986 583 1036 γὰρ
616 984 802 1033 ἅλλων,7)
838 986 892 1031 οἷς
923 985 1031 1023 αὐτοὶ
1059 985 1242 1036 χρῆσθαι
1273 985 1325 1036 μὴ
1357 984 1581 1032 δύνανται8)
1609 998 1646 1023 κ.
1673 998 1705 1023 τ.
1731 984 1765 1022 λ.

192 1039 242 1077 cf.
264 1039 355 1078 Juv.
384 1042 443 1077 14.
465 1050 540 1082 135:

364 1113 440 1154 Sed
467 1127 544 1164 qno
573 1115 732 1154 divitias
761 1114 852 1154 haec
879 1127 949 1165 per
977 1117 1167 1154 tormenta
1195 1117 1353 1162 coactas,

363 1183 449 1209 cnm
477 1170 596 1218 furor
623 1170 732 1208 [aazia
762 1170 914 1219 dubius,
944 1182 1030 1209 eum
1060 1171 1110 1208 sil
1139 1169 1348 1219 manifesta
1370 1168 1590 1220 phrenesis,

363 1226 408 1262 ut
436 1223 599 1273 locuples
627 1224 824 1273 moriaris,
855 1225 998 1276 eyentis
1025 1224 1149 1263 vivere
1175 1223 1324 1274 fat0?⁹)

321 1301 403 1339 Nec
433 1314 526 1339 vero
563 1314 803 1352 quemquam
838 1309 1006 1340 mortem
1041 1301 1173 1339 divitis
1210 1315 1385 1339 maerere
1421 1306 1459 1339 et
1488 1301 1693 1339 Juvenalis
1729 1306 1767 1339 et

188 1358 338 1404 auctor,
370 1368 488 1406 quem
519 1355 712 1394 Stobaeus
743 1357 928 1408 excerpit,
958 1356 1018 1394 his
1047 1356 1178 1394 verbis
1207 1359 1425 1407 exponunt:
1464 1358 1492 1394 1.
1510 1367 1552 1398 44

452 1432 563 1471 Hinc
590 1432 740 1471 subitae
767 1434 906 1470 mortes
935 1434 1050 1480 atque
1078 1432 1261 1470 intestata
1289 1434 1469 1481 senectus,

451 1488 488 1525 et
515 1498 617 1525 nova
647 1499 719 1525 nec
746 1486 869 1525 tristis
891 1499 965 1535 per
992 1488 1148 1525 cunctas
1173 1485 1313 1535 fabula
1340 1498 1455 1525 cenas

454 1541 614 1581 ducitur
642 1541 758 1579 iratis
780 1540 1054 1590 plaudendum
1082 1540 1210 1590 funus
1239 1540 1387 1581 amicis.

321 1617 380 1655 St.
402 1630 439 1668 p.
465 1618 540 1656 188
562 1636 614 1669 sq,
644 1616 923 1667 τελευτήσαντι
952 1618 994 1655 δὲ
1025 1618 1069 1655 οὐ
1098 1617 1270 1668 γίγνεται
1299 1617 1472 1669 πλουσίῳ
1502 1617 1649 1664 πένθος
1678 1619 1766 1656 οὔτε

187 1673 299 1723 παρὰ
315 1677 390 1711 τῶν
408 1672 707 1724 διαδεξομένων,
730 1673 813 1711 ἐπεὶ
828 1672 1045 1724 χαίρουσιν,
1066 1674 1154 1710 οὔτε
1172 1672 1248 1723 μὴν
1263 1674 1373 1723 παρὰ
1389 1677 1465 1711 τῶν
1484 1672 1536 1723 μὴ
1553 1672 1764 1724 λαβόντων,

189 1727 273 1764 ἐπεὶ
304 1733 480 1777 μισοῦσιν
510 1727 562 1772 ὡς
592 1727 637 1764 ἐκ
667 1727 863 1765 τοσούτων
894 1729 1031 1777 ἄτιμοι.
1045 1725 1092 1775 1⁰)

321 1780 509 1820 Sordidos
539 1781 688 1819 esurire
718 1785 756 1819 et
786 1781 894 1819 sitire
923 1781 1040 1819 malle
1070 1794 1188 1831 quam
1210 1780 1366 1819 divitias
1386 1780 1560 1831 undique
1581 1781 1765 1819 collectas

188 1835 368 1872 minuere
409 1840 527 1885 atque
567 1836 688 1873 etiam
728 1835 767 1873 in
807 1849 898 1873 suos
935 1835 1149 1873 illiberales
1187 1848 1228 1872 se
1265 1835 1455 1885 praebere
1490 1835 1551 1872 his
1585 1835 1764 1873 versibus

187 1889 403 1927 indicatur:
439 1891 579 1931 14.126

305 1961 519 2003 Servorum
548 1967 699 2003 ventres
729 1965 856 2003 modio
884 1964 1046 2015 castiyat
1071 1962 1278 2013 iniquo‚¹¹)

307 2019 387 2067 ipse
415 2031 566 2068 quoque
595 2019 789 2065 esuri-ms,-
819 2031 941 2068 neque
967 2019 1074 2058 enim
1104 2020 1240 2058 omnia
1267 2018 1434 2057 sustinet
1460 2031 1647 2067 nmquam

304 2074 461 2112 mucida
489 2073 661 2112 caerulei
682 2075 807 2123 panis
835 2086 1056 2112 consumere
1082 2073 1214 2123 frusta
1245 2085 1327 2123 eqs.

317 2149 421 2188 Plut.
443 2150 519 2188 div.
543 2163 630 2201 cup.
654 2151 689 2188 5.
725 2149 781 2188 Σὺ
812 2150 854 2187 δὲ
884 2156 1058 2188 τοσαῦτα
1088 2150 1304 2201 πράγματα
1335 2150 1435 2200 ἔχεις
1464 2151 1532 2188 καὶ
1561 2151 1763 2201 ταράττεις

185 2205 254 2241 καὶ
278 2204 478 2255 ,,στροβεῖς
499 2205 637 2242 ἑαυτὸν
659 2204 820 2255 κοχλίου
841 2204 921 2255 βίον
940 2205 1039 2250 ζῶν“
1060 2205 1125 2242 διὰ
1143 2204 1215 2253 τὴν
1238 2203 1489 2254 μικρολογίαν
1511 2205 1579 2241 καὶ
1599 2206 1648 2241 τὰ
1669 2204 1760 2242 δυσ-

184 2263 285 2309 χερῆ
308 2259 437 2296 πάντα
459 2258 675 2309 ὑπομένεις,
697 2259 810 2296 οὐδὲν
832 2261 874 2296 εὖ
894 2259 1062 2310 πάσχων
1082 2272 1119 2296 κ.
1137 2271 1169 2296 τ.
1187 2257 1221 2295 λ.
1267 2257 1350 2296 Tel.
1371 2256 1443 2296 IVn
1470 2256 1524 2309 (p.
1541 2259 1590 2296 27
1609 2258 1760 2307 Hense)

321 2355 350 2393 1)
376 2354 420 2386 cf.
439 2354 520 2387 Juv.
542 2357 591 2386 ll.
604 2365 644 2389 ιι,
753 2354 785 2393 2)
812 2354 1083 2387 Causidicorum
1101 2354 1291 2395 quaestum
1306 2353 1493 2387 Juvenalis
1510 2353 1622 2387 adicit
1642 2357 1691 2387 14.
1705 2364 1761 2389 192.

317 2399 351 2436 3)
377 2397 421 2430 cf.
446 2397 601 2438 Norden,
625 2407 706 2430 anu.
732 2398 820 2439 phil.
837 2397 949 2430 XVIII
975 2397 1091 2439 suppl.
1116 2407 1149 2438 p.
1167 2398 1240 2430 295.
1382 2398 1417 2434 4)
1442 2398 1486 2430 cf.
1505 2397 1583 2430 Seu.
1600 2407 1654 2438 ep.
1671 2399 1724 2430 87.
1738 2409 1761 2437 7,

185 2443 238 2474 89.
255 2450 295 2476 20.
328 2441 408 2473 ΒΘΗ.
427 2440 500 2473 VII.
522 2443 607 2478 10.5,
632 2442 672 2473 ir.
696 2441 719 2473 1.
737 2445 827 2475 21.2.
863 2441 933 2474 Cic.
964 2450 1038 2482 par.
1065 2441 1117 2472 44..
1149 2440 1207 2472 off.
1236 2440 1276 2473 Il.
1293 2442 1345 2473 78.
1386 2440 1469 2474 Luc.
1498 2449 1580 2473 nav.
1609 2442 1662 2474 38.
1692 2440 1760 2474 Dio

186 2483 338 2516 LXVIII.
357 2486 376 2516 4
401 2494 433 2524 p.
451 2485 523 2516 233.
628 2486 662 2519 ὁ)
687 2484 807 2524 ‚Plinii
824 2482 1159 2525 philosophumena’
1173 2484 1344 2516 tractavit
1361 2483 1447 2516 Lud.
1464 2483 1648 2516 Rummler
1665 2485 1760 2522 1862,

184 2526 449 2569 Gryphiswald.
584 2529 617 2568 G)
643 2528 687 2561 cf.
712 2527 791 2560 Sen.
810 2537 863 2569 ep.
890 2529 942 2560 68.
956 2540 994 2562 11.
1024 2544 1065 2549 ——
1084 2526 1253 2560 Homines
1277 2527 1430 2561 avaritia
1454 2526 1630 2561 adductos
1646 2527 1760 2561 maria

183 2571 339 2605 navibus
368 2571 468 2603 adire
497 2580 602 2613 saepe
632 2573 758 2613 poetae
783 2571 916 2604 dolent.
971 2570 1046 2603 Tib.
1067 2570 1090 2602 Ι.
1115 2572 1188 2605 3·35
1207 2589 1265 2610 sqq.
1290 2572 1320 2603 9.
1338 2583 1353 2605 9
1371 2588 1411 2610 sq.

319 2614 352 2652 7)
371 2614 414 2646 cf.
432 2614 507 2646 Iuv.
527 2615 729 2649 14-142-160.
930 2614 963 2654 8)
982 2614 1026 2646 cf.
1044 2613 1083 2645 R.
1101 2613 1245 2654 Heium,
1262 2613 1307 2646 de
1325 2614 1406 2646 Hor.
1423 2623 1455 2655 p.
1474 2615 1514 2646 18
1530 2622 1581 2655 sq.

316 2657 349 2697 9)
375 2656 488 2698 [Luc]
508 2657 592 2700 Cyn.
611 2660 630 2691 ἶ)
646 2659 730 2689 πολὺ
747 2659 783 2689 δὲ
801 2659 1015 2696 ἀθλιώτερον,
1040 2658 1132 2694 εἴτις
1155 2659 1253 2695 αὐτὸς
1277 2659 1391 2689 ἑαυτὸν
1415 2659 1610 2698 ἀποστεροίη
1628 2659 1757 2689 πάντων

182 2705 244 2732 τῶν
263 2704 386 2735 καλῶν,
406 2704 502 2741 μανία
519 2703 583 2742 ἢδη
608 2704 704 2732 τοῦτο’
724 2712 763 2742 γε
781 2703 899 2740 σαφής.
926 2701 970 2735 cf.
988 2700 1061 2734 Tel.
1078 2710 1111 2742 p.
1129 2702 1179 2734 28.
1193 2712 1217 2739 4,
1239 2703 1290 2734 27.
1305 2712 1345 2737 11.
1371 2701 1452 2734 Luc.
1471 2701 1561 2735 Tim.
1578 2703 1627 2735 14.
1646 2700 1759 2743 [Ceb]

183 2745 254 2779 tab.
278 2745 330 2779 39.
469 2746 523 2785 10)
549 2746 606 2786 (cf.
636 2746 703 2778 Dio
732 2745 838 2778 XVII.
867 2748 897 2778 7.
921 2755 954 2787 p.
972 2746 1060 2785 274).
1196 2747 1248 2785 11)
1275 2746 1319 2778 cf.
1340 2748 1410 2779 l.93
1435 2748 1476 2784 (9.
1491 2746 1546 2785 ss.)
