1980 3097
843 245 1083 284 -83—

181 380 421 429 Comparare
457 372 580 420 iuvat,
619 373 814 423 quomodo
847 374 1046 412 Lucianus
1075 374 1303 426 Menippum
1338 388 1429 413 cum
1458 373 1658 413 Charonte
1692 374 1741 413 de

181 431 361 475 mercede
392 427 647 467 altercantem
668 427 805 467 faciat:
836 428 926 468 dial.
948 432 1062 468 mort.
1085 430 1148 468 22.
1171 428 1241 468 Ch.
1273 428 1453 476 Ἀπόδος,
1476 430 1506 468 ὦ
1527 430 1738 481 κατάρατε,

180 492 230 529 τὰ
249 485 460 537 πορθμεῖα.
510 481 611 519 Men.
633 480 728 528 Βόα,
757 483 790 520 εἰ
808 483 920 521 τοῦτο’
942 496 1014 529 σοι,
1039 484 1069 521 ὦ
1091 482 1250 534 Χάρων,
1273 484 1395 534 ἥδιον.
1455 483 1526 523 Oh.
1558 483 1738 529 Ἀπόδος,

180 541 290 596 φημί,
328 535 476 576 ἀνθ’ῶν
511 548 557 573 σε
592 536 972 588 διεπορθμεύσαμεν.
1030 537 1133 575 Men.
1178 535 1263 576 Οὐκ
1299 540 1345 577 ἂν
1375 537 1508 587 λάβοις
1535 540 1644 589 παρὰ
1673 544 1739 576 τοῦ

182 597 235 651 μὴ
266 596 431 646 ἔχοντος.
489 588 560 628 Ch.
589 587 702 628 Ἔστι
731 590 775 628 δέ
803 603 858 636 τις
886 590 1022 642 ὀβολὸν
1053 592 1106 642 μὴ
1137 593 1255 643 ἔχων;
1290 606 1327 630 κ.
1358 606 1389 630 τ.
1421 593 1455 630 λ.
1468 592 1498 640 1)

308 645 470 685 Judices
498 643 716 682 inferorum
745 643 801 692 (v.
833 644 903 692 52)
933 657 956 681 a
983 644 1159 683 Luciano
1187 658 1267 683 non
1294 647 1453 696 illepide
1473 650 1740 685 memorantur

180 705 217 743 d.
246 703 337 741 luet.
370 699 406 737 7.
463 695 658 749 Ὕπαρχοι
694 697 737 735 δὲ
770 698 839 735 καὶ
869 698 1071 749 σατράπαι
1098 699 1167 737 καὶ
1203 699 1386 743 δικασταὶ
1418 700 1620 751 κάθηνται
1657 701 1737 747 δύο,

178 758 307 801 Μίνως
333 767 375 793 τε
403 754 472 791 καὶ
502 751 846 803 Ῥαδαμάνθυςοὶ
874 751 1029 802 Κρῆτες
1057 766 1095 790 κ.
1125 766 1156 790 τ.
1188 753 1221 790 λ.
1253 754 1303 792 cf.
1332 754 1417 805 Iup.
1449 755 1550 793 conf.
1586 756 1645 793 18.

309 808 419 851 Quae
449 806 647 846 Homerus
681 806 730 844 de
763 805 886 845 Ulixis
914 807 1113 845 erroribus
1147 806 1278 856 refert,
1314 812 1394 847 tam
1428 813 1675 848 monstruosa
1704 810 1739 848 ei

177 866 370 911 videntur,
401 865 443 900 ut
471 875 519 900 ea
547 874 626 900 non
655 861 781 912 magis
810 861 1007 900 credenda
1035 874 1120 900 esse
1148 866 1260 913 putet
1287 876 1405 913 quam
1433 863 1612 902 homines
1640 877 1736 911 esse,

176 920 246 973 qui
274 929 392 957 carne
421 916 595 954 humana
623 919 845 953 vescantur.
903 915 1032 958 Quam
1053 916 1386 967 comparationem
1416 917 1625 956 absurdam
1654 931 1739 956 esse

178 977 283 1015 reete
309 974 445 1011 monet
472 970 755 1009 Friedlaender
782 970 823 1008 in
853 970 1137 1008 commentario
1157 984 1200 1021 p:
1218 972 1309 1008 574.
1342 971 1390 1009 cf.
1412 971 1496 1009 Iuv.
1522 974 1738 1014 15.13—·23.

179 1028 257 1067 Sed
285 1029 420 1064 nostra
448 1025 488 1063 id
517 1025 679 1062 minime
707 1024 881 1062 interest.
913 1045 963 1049 —
994 1024 1123 1062 Etiam
1162 1025 1313 1063 Seneca
1351 1024 1523 1063 affirmat
1551 1038 1611 1075 ep.
1642 1025 1736 1067 79.1

178 1080 347 1132 Scyllam
388 1091 532 1119 saxum
578 1090 653 1118 esse
693 1080 728 1117 et
769 1077 921 1128 quidem
962 1089 1047 1117 non
1089 1078 1258 1118 terribile
1300 1078 1580 1131 navigantibus
1609 1110 1616 1117 .
1649 1109 1657 1116 .
1690 1109 1698 1117 .
1731 1107 1737 1114 .

178 1133 396 1185 Charybdis
437 1146 492 1172 an
534 1132 776 1182 respondeat,
818 1133 957 1184 inquit,
996 1132 1156 1182 fabulis,
1195 1133 1382 1183 perscribi
1423 1133 1523 1172 mihi
1559 1133 1738 1172 desidero.

175 1189 382 1229 Mendacia
412 1187 537 1226 Ulixis
566 1200 590 1226 a
616 1186 793 1226 Luciano
821 1187 1141 1238 perstringuntur
1168 1200 1249 1226 ver.
1278 1188 1366 1226 hist.
1398 1188 1440 1227 3:
1471 1186 1668 1240 Ἀρχηγὸς
1697 1188 1739 1225 δὲ

177 1246 305 1290 αὐτοῖς
331 1241 436 1294 (scil.
466 1248 543 1288 τοῖς
571 1242 758 1293 τεράστια
783 1243 852 1280 καὶ
877 1241 1040 1294 μυθώδη
1069 1241 1382 1294 συγγεγραφόσι)
1406 1243 1475 1281 καὶ
1500 1242 1741 1289 διδάσκαλος

175 1304 246 1350 τῆς
284 1298 465 1348 τοιαύτης
504 1296 749 1349 βωμολοχίας
791 1296 811 1335 ὁ
845 1303 912 1335 τοῦ
948 1294 1124 1349 Ὁμήρου
1161 1295 1390 1345 Ὀδυσσεύς,
1431 1303 1508 1344 τοῖς
1547 1298 1636 1348 περὶ
1674 1300 1739 1336 τὸν

174 1352 381 1392 Ἀλκίνουν
429 1351 717 1403 διηγούμενοςῖ)
766 1351 919 1403 ἀνέμων
971 1365 1013 1390 τε
1062 1351 1278 1399 δουλείαν3)
1324 1353 1393 1390 καὶ
1439 1351 1740 1404 μονοφθάλμους

174 1409 244 1446 καὶ
279 1407 511 1460 ὠμοφάγους
546 1407 615 1444 καὶ
650 1406 808 1458 ἀγρίους
843 1407 948 1453 τινὰς
992 1406 1281 1458 ἀνθρώπους,4)
1312 1408 1365 1446 ἔτι
1408 1407 1451 1446 δὲ
1480 1406 1739 1457 πολυκέφαλα

175 1461 302 1514 ζῷα5)
336 1462 405 1500 καὶ
438 1463 508 1508 τὰς
537 1462 611 1499 ὑπὸ
647 1461 865 1513 φαρμάκων
900 1466 976 1499 τῶν
1011 1461 1174 1512 ἑταίρων
1212 1461 1485 1513 μεταβολάς,6)
1520 1463 1583 1500 οἷα
1612 1461 1739 1500 πολλὰ

175 1517 324 1562 ἐκεῖνος
371 1516 422 1561 ὡς
463 1518 560 1566 πρὸς
603 1516 757 1561 ἰδιώτας
800 1514 1035 1565 ἀνθρώπους
1082 1516 1364 1566 ἐτερατεύσατο
1412 1517 1500 1561 τοὺς
1553 1514 1739 1561 Φαίακας

174 1584 212 1609 κ.
231 1583 262 1609 τ.
280 1569 353 1620 λ.7)
385 1592 435 1596 -

304 1624 475 1662 Maxime
496 1629 627 1662 autem
648 1624 845 1663 Iuvenalis
866 1625 1128 1663 alienorum
1154 1626 1394 1663 numinum
1423 1623 1738 1663 caerimonias

173 1683 219 1718 et
247 1692 381 1719 sacra
410 1692 546 1719 eorum
575 1679 763 1731 increpat,
794 1693 895 1731 quae
922 1680 1001 1719 iam
1023 1679 1279 1719 Antisthenes
1307 1685 1346 1718 et
1371 1679 1573 1730 Diogenes
1602 1678 1738 1730 Cynici

174 1734 341 1772 illusisse
370 1734 565 1772 dicuntur.
576 1733 610 1783 8)
668 1733 745 1771 Sed
773 1735 943 1785 plurima
976 1734 1302 1786 philosophorum
1331 1734 1567 1782 testimonia,
1596 1733 1739 1785 quibus

174 1788 271 1827 haec
324 1788 548 1840 superstitio
602 1787 827 1840 castigatur,
882 1802 954 1841 per
1004 1792 1136 1840 patres
1183 1789 1468 1828 ecclesiasticos
1524 1789 1736 1827 memoriae

173 1843 329 1894 prodita
357 1846 459 1890 sunt,
489 1847 532 1881 ut
565 1843 810 1893 Augustinus
845 1844 1019 1882 Senecae
1052 1844 1176 1882 verba
1216 1844 1363 1891 laudat,
1399 1843 1540 1894 quibus
1569 1856 1737 1894 magnae

173 1896 348 1945 matris9)
394 1898 521 1936 cultus
561 1897 809 1949 turpissimus
850 1902 888 1937 et
931 1897 1222 1937 crudelissimus
1265 1898 1549 1937 condemnatur
1587 1897 1635 1936 fr.
1666 1897 1734 1936 34:

172 1950 258 2002 Ille,
288 1952 432 2002 inquit,
461 1951 593 1992 viriles
619 1952 694 1992 sibi
714 1955 846 2002 partes
863 1954 1053 2002 amputat,
1083 1952 1149 1992 ille
1168 1953 1323 1992 lacertos
1340 1955 1463 1992 secat.
1480 1983 1488 1991 .
1508 1983 1516 1991 .
1537 1952 1584 1991 in
1602 1952 1735 2002 reqiae

172 2005 353 2045 libidinis
380 2006 611 2055 voluptatem
638 2008 798 2045 castrati
825 2009 920 2046 sunt
936 2007 1118 2056 quietam,-
1144 2007 1208 2046 sed
1232 2019 1344 2046 nemo
1362 2007 1448 2056 sibi,
1478 2019 1527 2046 ne
1551 2005 1614 2045 vir
1631 2008 1732 2053 esset,

171 2059 324 2101 iubente
351 2061 510 2101 domino
543 2073 688 2101 manus
719 2061 878 2101 intulit:
910 2075 948 2101 se
982 2062 1060 2112 ipsi
1087 2062 1134 2101 in
1162 2061 1311 2111 templis
1338 2061 1620 2111 contrucidant,
1649 2060 1733 2100 vul-

170 2115 331 2155 neribus
355 2116 438 2156 suis
465 2128 510 2155 ac
542 2117 740 2166 sanquine
771 2117 995 2166 supplicant
1027 2116 1157 2164 etam)
1219 2116 1290 2155 Isti
1333 2116 1504 2155 semiviri
1541 2129 1564 2154 a
1600 2118 1732 2154 nostro

172 2170 514 2210 vehementissime
554 2171 788 2222 sugillantur
823 2172 936 2214 6-512
966 2184 1023 2222 sq.
1055 2173 1168 2214 8-176
1190 2185 1245 2222 sq.
1277 2172 1325 2210 ef.
1357 2172 1393 2209 2.
1415 2183 1470 2213 ιιι

303 2266 334 2306 1)
359 2266 402 2300 cf.
428 2266 461 2303 d.
485 2266 569 2299 luct.
597 2268 652 2307 103
679 2269 781 2300 mort.
806 2266 890 2300 dial.
916 2269 1003 2300 11.4.
1029 2266 1158 2308 catapl.
1186 2269 1212 2299 1.
1234 2271 1271 2296 19.

302 2310 336 2350 2)
361 2310 404 2343 cf.
432 2319 462 2343 v.
482 2311 531 2343 14.
664 2311 702 2350 3)
729 2310 772 2344 cf.
798 2321 830 2343 v.
847 2310 899 2344 20.
1032 2310 1065 2348 4)
1091 2310 1135 2343 cf.
1161 2320 1192 2343 v.
1216 2312 1261 2343 18.
1392 2310 1427 2350 5)
1451 2308 1495 2342 cf.
1519 2319 1551 2342 v.
1570 2310 1610 2342 19
1635 2308 1731 2349 (Min.

173 2350 209 2384 F.
226 2353 333 2392 2Ο.3).
467 2354 501 2393 6)
526 2353 570 2387 cf.
588 2363 620 2385 v.
638 2355 689 2386 22.
823 2355 857 2394 7)
874 2354 918 2388 cf.
936 2364 967 2387 v.
985 2355 1037 2387 24.
1057 2374 1095 2379 —
1113 2353 1331 2396 Quamquam
1349 2353 1409 2386 hic
1424 2352 1516 2386 liber
1535 2352 1732 2386 Lucianeus

169 2396 359 2430 sententiis
383 2396 608 2440 philosophis
632 2398 737 2431 vacat
760 2397 845 2440 [nisi
867 2398 960 2432 forte
983 2397 1127 2431 fabulae
1149 2397 1321 2443 ‘obscurae
1344 2406 1365 2430 a
1389 2396 1561 2439 sophistis
1585 2396 1731 2439 quibus-

168 2438 255 2473 dam
278 2440 514 2483 Pythagoreis
538 2443 601 2475 aut
622 2441 817 2476 Platonicis
846 2442 882 2475 in
917 2441 1108 2476 ridiculum
1139 2441 1395 2483 detorquentur
1429 2440 1536 2481 (conf.
1562 2450 1640 2483 cap.
1663 2440 1732 2481 4)]‚

171 2482 260 2516 haec
282 2485 394 2518 verba
414 2487 560 2527 propter
582 2485 857 2519 similitudinem
879 2485 1039 2518 locorum
1064 2485 1209 2517 contuli.

300 2528 334 2569 8)
359 2528 402 2562 cf.
421 2528 544 2569 ZeIIer,
563 2528 603 2561 11.
620 2527 652 2561 1⁴
662 2538 716 2564 330.
738 2528 796 2570 (cf.
815 2528 967 2569 Norden,
991 2528 1108 2562 annal.
1124 2528 1210 2569 phil.
1229 2527 1344 2570 suppl.
1365 2529 1403 2560 18
1420 2538 1453 2570 p.
1470 2528 1557 2568 337).
1584 2527 1731 2561 Bionem

170 2567 294 2610 Syriae
317 2572 406 2606 deae
438 2581 539 2606 sacra
568 2572 808 2614 exagitavisse
831 2572 1034 2614 suspicatur
1057 2571 1185 2612 Hense,
1215 2571 1287 2604 Tel.
1311 2571 1373 2604 rel.
1398 2570 1515 2605 XLIX.
1540 2589 1580 2594 —
1605 2571 1732 2605 Demo-

171 2615 507 2697 lligctemdiliysteria
530 2616 752 2698 r)ecusavisse
773 2615 827 2648 Ps.
845 2616 924 2648 Luc.
942 2616 1063 2647 narrat
1079 2623 1107 2647 c.
1129 2617 1177 2647 11.
1221 2614 1324 2647 Philo
1341 2623 1384 2647 ea
1400 2615 1537 2656 spernit
1553 2614 1597 2648 de
1614 2615 1732 2648 sacrif.

193 2677 212 2687 ..
237 2665 288 2698 sq.
365 2682 373 2690 .
398 2660 462 2692 260
485 2667 502 2692 s
530 2684 536 2691 .

296 2700 329 2742 9)
362 2701 491 2745 Magna
505 2668 639 2735 qmater
662 2702 697 2735 et
721 2700 850 2743 Cybele
884 2700 948 2734 illa
982 2702 1098 2735 aetate
1132 2710 1202 2734 non
1226 2701 1298 2734 iam
1335 2700 1653 2743 distinguebantur
1688 2702 1731 2735 ef.

171 2741 338 2786 Roscher‚
362 2746 475 2788 myth.
500 2746 580 2779 Lex.
608 2746 689 2778 1659
713 2753 763 2787 sq.

282 2788 335 2830 10)
358 2789 402 2823 cf.
427 2788 519 2823 Plut.
542 2789 588 2823 de
611 2790 763 2832 superst.
787 2789 827 2822 10
856 2788 937 2822 Luc.
967 2788 1050 2822 dial.
1082 2787 1177 2822 deor.
1203 2790 1259 2828 12;
1284 2788 1381 2822 Varr.
1405 2797 1433 2821 s.
1459 2788 1502 2822 M.
1525 2789 1568 2823 fr.
1596 2791 1655 2822 119
1679 2798 1730 2831 sq.

174 2830 234 2862 149
258 2840 309 2874 sq.
333 2832 455 2873 (clem.
481 2833 535 2866 Al.
559 2837 667 2875 protr.
687 2834 726 2866 15
749 2841 801 2874 sq.
825 2831 907 2866 Min.
931 2831 1002 2866 Fel.
1026 2833 1123 2873 2243
1147 2834 1199 2866 24.
1209 2842 1233 2867 4.
1258 2832 1351 2865 Lact.
1377 2832 1391 2865 I
1412 2834 1495 2871 17.5,
1519 2834 1570 2866 21.
1585 2834 1638 2871 16).

1557 2899 1599 2931 6.
