<?xml version="1.0" encoding="UTF-8"?>
<!DOCTYPE html PUBLIC "-//W3C//DTD XHTML 1.0 Transitional//EN"
    "http://www.w3.org/TR/xhtml1/DTD/xhtml1-transitional.dtd">
<html xmlns="http://www.w3.org/1999/xhtml" xml:lang="en" lang="en">
 <head>
  <title>
</title>
<meta http-equiv="Content-Type" content="text/html;charset=utf-8" />
  <meta name='ocr-system' content='tesseract 3.04.00' />
  <meta name='ocr-capabilities' content='ocr_page ocr_carea ocr_par ocr_line ocrx_word'/>
</head>
<body>
  <div class='ocr_page' id='page_1' title='image "4737894_0108.png"; bbox 0 0 1980 3097; ppageno 0'>
   <div class='ocr_carea' id='block_1_1' title="bbox 869 139 1115 177">
    <p class='ocr_par' dir='ltr' id='par_1_1' title="bbox 869 139 1115 177">
     <span class='ocr_line' id='line_1_1' title="bbox 869 139 1115 177; baseline 0 -12"><span class='ocrx_word' id='word_1_1' title='bbox 869 139 1115 177; x_wconf 75' lang='lat'>-94—</span> 
     </span>
    </p>
   </div>
   <div class='ocr_carea' id='block_1_2' title="bbox 199 267 1784 1736">
    <p class='ocr_par' dir='ltr' id='par_1_2' title="bbox 201 267 1783 866">
     <span class='ocr_line' id='line_1_2' title="bbox 333 267 1781 320; baseline 0.001 -13"><span class='ocrx_word' id='word_1_2' title='bbox 333 268 490 307; x_wconf 83' lang='lat' dir='ltr'>Deinde</span> <span class='ocrx_word' id='word_1_3' title='bbox 520 281 638 320; x_wconf 80' lang='lat' dir='ltr'>saepe</span> <span class='ocrx_word' id='word_1_4' title='bbox 671 268 914 320; x_wconf 89' lang='lat' dir='ltr'>„reperimus</span> <span class='ocrx_word' id='word_1_5' title='bbox 934 268 958 307; x_wconf 84' lang='lat' dir='ltr'>J</span> <span class='ocrx_word' id='word_1_6' title='bbox 963 269 1171 308; x_wconf 89' lang='lat' dir='ltr'>uvenalem</span> <span class='ocrx_word' id='word_1_7' title='bbox 1190 268 1230 306; x_wconf 91' lang='lat' dir='ltr'>in</span> <span class='ocrx_word' id='word_1_8' title='bbox 1252 267 1394 307; x_wconf 88' lang='lat' dir='ltr'>saturis</span> <span class='ocrx_word' id='word_1_9' title='bbox 1414 268 1632 308; x_wconf 82' lang='lat' dir='ltr'>scribendis</span> <span class='ocrx_word' id='word_1_10' title='bbox 1650 272 1781 308; x_wconf 87' lang='lat' dir='ltr'>vete-</span> 
     </span>
     <span class='ocr_line' id='line_1_3' title="bbox 204 322 1783 375; baseline 0 -14"><span class='ocrx_word' id='word_1_11' title='bbox 204 335 304 362; x_wconf 89' lang='lat' dir='ltr'>rum</span> <span class='ocrx_word' id='word_1_12' title='bbox 339 322 644 375; x_wconf 90' lang='lat' dir='ltr'>scriptorum,</span> <span class='ocrx_word' id='word_1_13' title='bbox 685 323 944 374; x_wconf 82' lang='lat' dir='ltr'><strong>praecipue</strong></span> <span class='ocrx_word' id='word_1_14' title='bbox 979 327 1221 375; x_wconf 86' lang='lat' dir='ltr'>poetarum</span> <span class='ocrx_word' id='word_1_15' title='bbox 1263 336 1512 362; x_wconf 76' lang='lat' dir='ltr'>memorem</span> <span class='ocrx_word' id='word_1_16' title='bbox 1552 323 1674 363; x_wconf 87' lang='lat' dir='ltr'>fuisse</span> <span class='ocrx_word' id='word_1_17' title='bbox 1715 327 1783 362; x_wconf 84' lang='lat' dir='ltr'>aut</span> 
     </span>
     <span class='ocr_line' id='line_1_4' title="bbox 203 377 1782 430; baseline 0.001 -14"><span class='ocrx_word' id='word_1_18' title='bbox 203 391 343 416; x_wconf 86' lang='lat' dir='ltr'>versus</span> <span class='ocrx_word' id='word_1_19' title='bbox 378 391 515 417; x_wconf 90' lang='lat' dir='ltr'>eorum</span> <span class='ocrx_word' id='word_1_20' title='bbox 550 378 712 429; x_wconf 80' lang='lat' dir='ltr'>paulum</span> <span class='ocrx_word' id='word_1_21' title='bbox 751 381 923 416; x_wconf 90' lang='lat' dir='ltr'>mutatos</span> <span class='ocrx_word' id='word_1_22' title='bbox 960 378 1000 417; x_wconf 90' lang='lat' dir='ltr'>in</span> <span class='ocrx_word' id='word_1_23' title='bbox 1038 382 1190 417; x_wconf 88' lang='lat' dir='ltr'>saturas</span> <span class='ocrx_word' id='word_1_24' title='bbox 1227 390 1318 416; x_wconf 90' lang='lat' dir='ltr'>suas</span> <span class='ocrx_word' id='word_1_25' title='bbox 1351 377 1560 429; x_wconf 72' lang='lat' dir='ltr'>recepisse,</span> <span class='ocrx_word' id='word_1_26' title='bbox 1589 378 1782 430; x_wconf 85' lang='lat' dir='ltr'>imprimis</span> 
     </span>
     <span class='ocr_line' id='line_1_5' title="bbox 205 431 1781 484; baseline 0 -13"><span class='ocrx_word' id='word_1_27' title='bbox 205 432 422 481; x_wconf 83' lang='lat' dir='ltr'>Horatii¹)‚</span> <span class='ocrx_word' id='word_1_28' title='bbox 459 431 684 484; x_wconf 80' lang='lat' dir='ltr'>Vergilii2),</span> <span class='ocrx_word' id='word_1_29' title='bbox 720 431 872 481; x_wconf 88' lang='lat' dir='ltr'>Ovidii,</span> <span class='ocrx_word' id='word_1_30' title='bbox 908 432 1086 472; x_wconf 84' lang='lat' dir='ltr'>Homeri.</span> <span class='ocrx_word' id='word_1_31' title='bbox 1163 431 1291 475; x_wconf 86' lang='lat' dir='ltr'>Quem</span> <span class='ocrx_word' id='word_1_32' title='bbox 1332 436 1474 483; x_wconf 88' lang='lat' dir='ltr'>poetae</span> <span class='ocrx_word' id='word_1_33' title='bbox 1511 445 1662 472; x_wconf 91' lang='lat' dir='ltr'>morem</span> <span class='ocrx_word' id='word_1_34' title='bbox 1703 445 1781 471; x_wconf 88' lang='lat' dir='ltr'>non</span> 
     </span>
     <span class='ocr_line' id='line_1_6' title="bbox 201 485 1782 539; baseline 0.001 -14"><span class='ocrx_word' id='word_1_35' title='bbox 201 488 383 525; x_wconf 92' lang='lat' dir='ltr'>omnium</span> <span class='ocrx_word' id='word_1_36' title='bbox 412 492 618 538; x_wconf 88' lang='lat' dir='ltr'>poetarum</span> <span class='ocrx_word' id='word_1_37' title='bbox 642 485 849 525; x_wconf 90' lang='lat' dir='ltr'>Juvenalis</span> <span class='ocrx_word' id='word_1_38' title='bbox 875 491 1004 526; x_wconf 87' lang='lat' dir='ltr'>aetate</span> <span class='ocrx_word' id='word_1_39' title='bbox 1024 499 1274 526; x_wconf 89' lang='lat' dir='ltr'>communem</span> <span class='ocrx_word' id='word_1_40' title='bbox 1293 485 1438 525; x_wconf 88' lang='lat' dir='ltr'>fuisse“</span> <span class='ocrx_word' id='word_1_41' title='bbox 1469 499 1548 526; x_wconf 90' lang='lat' dir='ltr'>non</span> <span class='ocrx_word' id='word_1_42' title='bbox 1569 487 1782 539; x_wconf 87' lang='lat' dir='ltr'>neglegen-</span> 
     </span>
     <span class='ocr_line' id='line_1_7' title="bbox 204 541 1781 590; baseline 0 -10"><span class='ocrx_word' id='word_1_43' title='bbox 204 542 301 580; x_wconf 91' lang='lat' dir='ltr'>dum</span> <span class='ocrx_word' id='word_1_44' title='bbox 337 541 445 589; x_wconf 82' lang='lat' dir='ltr'>est.³)</span> <span class='ocrx_word' id='word_1_45' title='bbox 501 541 603 580; x_wconf 90' lang='lat' dir='ltr'>Nam</span> <span class='ocrx_word' id='word_1_46' title='bbox 638 541 710 580; x_wconf 90' lang='lat' dir='ltr'>hos</span> <span class='ocrx_word' id='word_1_47' title='bbox 745 554 883 580; x_wconf 88' lang='lat' dir='ltr'>versus</span> <span class='ocrx_word' id='word_1_48' title='bbox 918 554 965 580; x_wconf 88' lang='lat' dir='ltr'>ea</span> <span class='ocrx_word' id='word_1_49' title='bbox 999 546 1130 580; x_wconf 88' lang='lat' dir='ltr'>mente</span> <span class='ocrx_word' id='word_1_50' title='bbox 1164 541 1376 579; x_wconf 87' lang='lat' dir='ltr'>inseruisse</span> <span class='ocrx_word' id='word_1_51' title='bbox 1419 541 1589 590; x_wconf 87' lang='lat' dir='ltr'>videtur,</span> <span class='ocrx_word' id='word_1_52' title='bbox 1619 545 1663 580; x_wconf 91' lang='lat' dir='ltr'>ut</span> <span class='ocrx_word' id='word_1_53' title='bbox 1692 541 1781 580; x_wconf 88' lang='lat' dir='ltr'>imi-</span> 
     </span>
     <span class='ocr_line' id='line_1_8' title="bbox 204 594 1782 647; baseline 0.001 -13"><span class='ocrx_word' id='word_1_54' title='bbox 204 599 357 634; x_wconf 91' lang='lat' dir='ltr'>taretur</span> <span class='ocrx_word' id='word_1_55' title='bbox 398 595 650 647; x_wconf 91' lang='lat' dir='ltr'>popularium</span> <span class='ocrx_word' id='word_1_56' title='bbox 698 595 1023 647; x_wconf 89' lang='lat' dir='ltr'>philosophorum</span> <span class='ocrx_word' id='word_1_57' title='bbox 1067 608 1190 647; x_wconf 83' lang='lat' dir='ltr'>genus</span> <span class='ocrx_word' id='word_1_58' title='bbox 1225 594 1434 644; x_wconf 83' lang='lat' dir='ltr'>dicendi4),</span> <span class='ocrx_word' id='word_1_59' title='bbox 1484 595 1551 647; x_wconf 92' lang='lat' dir='ltr'>qui</span> <span class='ocrx_word' id='word_1_60' title='bbox 1596 608 1782 647; x_wconf 84' lang='lat' dir='ltr'>magnam</span> 
     </span>
     <span class='ocr_line' id='line_1_9' title="bbox 204 649 1783 702; baseline 0.001 -14"><span class='ocrx_word' id='word_1_61' title='bbox 204 650 468 702; x_wconf 87' lang='lat' dir='ltr'>persuadendi</span> <span class='ocrx_word' id='word_1_62' title='bbox 498 649 578 689; x_wconf 88' lang='lat' dir='ltr'>vim</span> <span class='ocrx_word' id='word_1_63' title='bbox 608 654 816 702; x_wconf 90' lang='lat' dir='ltr'>poetarum</span> <span class='ocrx_word' id='word_1_64' title='bbox 845 650 1025 690; x_wconf 88' lang='lat' dir='ltr'>versibus</span> <span class='ocrx_word' id='word_1_65' title='bbox 1054 649 1210 690; x_wconf 88' lang='lat' dir='ltr'>insertis</span> <span class='ocrx_word' id='word_1_66' title='bbox 1240 649 1477 691; x_wconf 83' lang='lat' dir='ltr'>tribuebant.</span> <span class='ocrx_word' id='word_1_67' title='bbox 1526 650 1783 690; x_wconf 83' lang='lat' dir='ltr'>Memorabile</span> 
     </span>
     <span class='ocr_line' id='line_1_10' title="bbox 204 705 1783 757; baseline 0 -13"><span class='ocrx_word' id='word_1_68' title='bbox 204 709 277 754; x_wconf 86' lang='lat' dir='ltr'>est,</span> <span class='ocrx_word' id='word_1_69' title='bbox 309 705 490 756; x_wconf 89' lang='lat' dir='ltr'>quotiens</span> <span class='ocrx_word' id='word_1_70' title='bbox 512 705 663 744; x_wconf 86' lang='lat' dir='ltr'>Seneca</span> <span class='ocrx_word' id='word_1_71' title='bbox 683 705 850 757; x_wconf 88' lang='lat' dir='ltr'>Vergilii</span> <span class='ocrx_word' id='word_1_72' title='bbox 871 707 1048 745; x_wconf 89' lang='lat' dir='ltr'>carmina</span> <span class='ocrx_word' id='word_1_73' title='bbox 1067 705 1299 752; x_wconf 84' lang='lat' dir='ltr'>laudaverit,</span> <span class='ocrx_word' id='word_1_74' title='bbox 1326 705 1430 756; x_wconf 92' lang='lat' dir='ltr'>quod</span> <span class='ocrx_word' id='word_1_75' title='bbox 1450 705 1567 744; x_wconf 86' lang='lat' dir='ltr'>facile</span> <span class='ocrx_word' id='word_1_76' title='bbox 1587 719 1635 744; x_wconf 86' lang='lat' dir='ltr'>ex</span> <span class='ocrx_word' id='word_1_77' title='bbox 1654 705 1783 745; x_wconf 91' lang='lat' dir='ltr'>indice</span> 
     </span>
     <span class='ocr_line' id='line_1_11' title="bbox 203 759 1783 812; baseline 0 -14"><span class='ocrx_word' id='word_1_78' title='bbox 203 760 390 799; x_wconf 89' lang='lat' dir='ltr'>editionis</span> <span class='ocrx_word' id='word_1_79' title='bbox 419 773 443 798; x_wconf 88' lang='lat' dir='ltr'>a</span> <span class='ocrx_word' id='word_1_80' title='bbox 472 759 517 798; x_wconf 89' lang='lat' dir='ltr'>F.</span> <span class='ocrx_word' id='word_1_81' title='bbox 548 760 682 798; x_wconf 87' lang='lat' dir='ltr'>Haase</span> <span class='ocrx_word' id='word_1_82' title='bbox 711 760 842 799; x_wconf 85' lang='lat' dir='ltr'>factae</span> <span class='ocrx_word' id='word_1_83' title='bbox 872 761 1056 812; x_wconf 86' lang='lat' dir='ltr'>cognosci</span> <span class='ocrx_word' id='word_1_84' title='bbox 1085 763 1224 812; x_wconf 81' lang='lat' dir='ltr'>potest.</span> <span class='ocrx_word' id='word_1_85' title='bbox 1274 759 1483 799; x_wconf 82' lang='lat' dir='ltr'>Demonax</span> <span class='ocrx_word' id='word_1_86' title='bbox 1511 761 1580 798; x_wconf 76' lang='grc' dir='ltr'>καὶ</span> <span class='ocrx_word' id='word_1_87' title='bbox 1605 765 1783 811; x_wconf 71' lang='grc' dir='ltr'><strong>ποιηταῖς</strong></span> 
     </span>
     <span class='ocr_line' id='line_1_12' title="bbox 202 813 1437 866; baseline -0.002 -13"><span class='ocrx_word' id='word_1_88' title='bbox 202 814 421 866; x_wconf 81' lang='grc' dir='ltr'>σύντροφος</span> <span class='ocrx_word' id='word_1_89' title='bbox 451 813 604 865; x_wconf 77' lang='grc' dir='ltr'>ἐγένετο</span> <span class='ocrx_word' id='word_1_90' title='bbox 634 815 703 853; x_wconf 81' lang='grc' dir='ltr'>καὶ</span> <span class='ocrx_word' id='word_1_91' title='bbox 730 820 807 854; x_wconf 86' lang='grc' dir='ltr'>τῶν</span> <span class='ocrx_word' id='word_1_92' title='bbox 837 814 1031 854; x_wconf 82' lang='grc' dir='ltr'>πλείστων</span> <span class='ocrx_word' id='word_1_93' title='bbox 1062 814 1254 866; x_wconf 83' lang='grc' dir='ltr'>ἐμέμνητο</span> <span class='ocrx_word' id='word_1_94' title='bbox 1285 827 1370 865; x_wconf 94' lang='lat' dir='ltr'>cap.</span> <span class='ocrx_word' id='word_1_95' title='bbox 1401 818 1437 853; x_wconf 86' lang='lat'>4.</span> 
     </span>
    </p>

    <p class='ocr_par' dir='ltr' id='par_1_3' title="bbox 200 867 1783 1192">
     <span class='ocr_line' id='line_1_13' title="bbox 338 867 1781 919; baseline -0.001 -13"><span class='ocrx_word' id='word_1_96' title='bbox 338 868 580 919; x_wconf 90' lang='lat' dir='ltr'>Plerumque</span> <span class='ocrx_word' id='word_1_97' title='bbox 600 873 735 907; x_wconf 88' lang='lat' dir='ltr'>noster</span> <span class='ocrx_word' id='word_1_98' title='bbox 754 868 990 919; x_wconf 87' lang='lat' dir='ltr'>Cynicorum</span> <span class='ocrx_word' id='word_1_99' title='bbox 1011 867 1294 907; x_wconf 89' lang='lat' dir='ltr'>consuetudine</span> <span class='ocrx_word' id='word_1_100' title='bbox 1314 881 1381 906; x_wconf 89' lang='lat' dir='ltr'>eos</span> <span class='ocrx_word' id='word_1_101' title='bbox 1401 881 1564 907; x_wconf 90' lang='lat' dir='ltr'>versus</span> <span class='ocrx_word' id='word_1_102' title='bbox 1594 868 1638 906; x_wconf 90' lang='lat' dir='ltr'>in</span> <span class='ocrx_word' id='word_1_103' title='bbox 1666 867 1781 906; x_wconf 91' lang='lat' dir='ltr'>ridi-</span> 
     </span>
     <span class='ocr_line' id='line_1_14' title="bbox 206 921 1782 975; baseline 0 -13"><span class='ocrx_word' id='word_1_104' title='bbox 206 922 363 962; x_wconf 91' lang='lat' dir='ltr'>culum</span> <span class='ocrx_word' id='word_1_105' title='bbox 390 921 656 970; x_wconf 83' lang='lat' dir='ltr'>deflectit.5)</span> <span class='ocrx_word' id='word_1_106' title='bbox 704 923 843 962; x_wconf 87' lang='lat' dir='ltr'>Artem</span> <span class='ocrx_word' id='word_1_107' title='bbox 869 926 1002 962; x_wconf 87' lang='lat' dir='ltr'>autem</span> <span class='ocrx_word' id='word_1_108' title='bbox 1028 922 1268 975; x_wconf 87' lang='lat' dir='ltr'>parodicam,</span> <span class='ocrx_word' id='word_1_109' title='bbox 1295 935 1374 974; x_wconf 88' lang='lat' dir='ltr'>qua</span> <span class='ocrx_word' id='word_1_110' title='bbox 1396 922 1494 962; x_wconf 91' lang='lat' dir='ltr'>Bion</span> <span class='ocrx_word' id='word_1_111' title='bbox 1515 927 1554 962; x_wconf 85' lang='lat' dir='ltr'>et</span> <span class='ocrx_word' id='word_1_112' title='bbox 1574 922 1782 974; x_wconf 87' lang='lat' dir='ltr'>Menippus</span> 
     </span>
     <span class='ocr_line' id='line_1_15' title="bbox 200 978 1783 1029; baseline -0.001 -13"><span class='ocrx_word' id='word_1_113' title='bbox 200 978 400 1029; x_wconf 63' lang='lat' dir='ltr'>‘imprimis</span> <span class='ocrx_word' id='word_1_114' title='bbox 429 978 695 1029; x_wconf 80' lang='lat' dir='ltr'>praestabant,</span> <span class='ocrx_word' id='word_1_115' title='bbox 727 978 845 1016; x_wconf 79' lang='lat' dir='ltr'>etiam</span> <span class='ocrx_word' id='word_1_116' title='bbox 865 978 1072 1016; x_wconf 88' lang='lat' dir='ltr'>Juvenalis</span> <span class='ocrx_word' id='word_1_117' title='bbox 1101 978 1344 1027; x_wconf 90' lang='lat' dir='ltr'>temporibus</span> <span class='ocrx_word' id='word_1_118' title='bbox 1374 978 1550 1016; x_wconf 91' lang='lat' dir='ltr'>nondum</span> <span class='ocrx_word' id='word_1_119' title='bbox 1575 978 1783 1016; x_wconf 87' lang='lat' dir='ltr'>evanuisse</span> 
     </span>
     <span class='ocr_line' id='line_1_16' title="bbox 205 1030 1782 1083; baseline 0.001 -14"><span class='ocrx_word' id='word_1_120' title='bbox 205 1032 375 1070; x_wconf 89' lang='lat' dir='ltr'>Luciani</span> <span class='ocrx_word' id='word_1_121' title='bbox 419 1032 666 1070; x_wconf 87' lang='lat' dir='ltr'>sermonibus</span> <span class='ocrx_word' id='word_1_122' title='bbox 707 1032 852 1083; x_wconf 87' lang='lat' dir='ltr'>optime</span> <span class='ocrx_word' id='word_1_123' title='bbox 897 1030 1199 1078; x_wconf 82' lang='lat' dir='ltr'>confirmatur.⁶)</span> <span class='ocrx_word' id='word_1_124' title='bbox 1265 1031 1480 1071; x_wconf 86' lang='lat' dir='ltr'>Scurrilem</span> <span class='ocrx_word' id='word_1_125' title='bbox 1522 1032 1782 1071; x_wconf 87' lang='lat' dir='ltr'>imitationem</span> 
     </span>
     <span class='ocr_line' id='line_1_17' title="bbox 205 1086 1782 1138; baseline -0.001 -12"><span class='ocrx_word' id='word_1_126' title='bbox 205 1086 343 1138; x_wconf 78' lang='lat' dir='ltr'>opicae</span> <span class='ocrx_word' id='word_1_127' title='bbox 379 1086 560 1125; x_wconf 89' lang='lat' dir='ltr'>dictionis</span> <span class='ocrx_word' id='word_1_128' title='bbox 603 1087 721 1125; x_wconf 87' lang='lat' dir='ltr'>etiam</span> <span class='ocrx_word' id='word_1_129' title='bbox 764 1086 910 1126; x_wconf 87' lang='lat' dir='ltr'>multae</span> <span class='ocrx_word' id='word_1_130' title='bbox 954 1087 1159 1125; x_wconf 90' lang='lat' dir='ltr'>nominum</span> <span class='ocrx_word' id='word_1_131' title='bbox 1194 1087 1576 1138; x_wconf 83' lang='lat' dir='ltr'>circumscriptiones</span> <span class='ocrx_word' id='word_1_132' title='bbox 1612 1087 1782 1138; x_wconf 87' lang='lat' dir='ltr'>sapiunt,</span> 
     </span>
     <span class='ocr_line' id='line_1_18' title="bbox 204 1140 1331 1192; baseline 0 -13"><span class='ocrx_word' id='word_1_133' title='bbox 204 1154 305 1192; x_wconf 91' lang='lat' dir='ltr'>quas</span> <span class='ocrx_word' id='word_1_134' title='bbox 334 1141 619 1179; x_wconf 85' lang='lat' dir='ltr'>Friedlaender</span> <span class='ocrx_word' id='word_1_135' title='bbox 649 1141 846 1192; x_wconf 87' lang='lat' dir='ltr'>congessit</span> <span class='ocrx_word' id='word_1_136' title='bbox 873 1141 923 1179; x_wconf 89' lang='lat' dir='ltr'>ad</span> <span class='ocrx_word' id='word_1_137' title='bbox 952 1154 1014 1179; x_wconf 89' lang='lat' dir='ltr'>vv.</span> <span class='ocrx_word' id='word_1_138' title='bbox 1051 1144 1083 1179; x_wconf 93' lang='lat'>1.</span> <span class='ocrx_word' id='word_1_139' title='bbox 1100 1150 1156 1189; x_wconf 80' lang='lat'>25,</span> <span class='ocrx_word' id='word_1_140' title='bbox 1188 1142 1223 1179; x_wconf 82' lang='lat'>5.</span> <span class='ocrx_word' id='word_1_141' title='bbox 1241 1140 1331 1189; x_wconf 82' lang='lat'>45.⁷)</span> 
     </span>
    </p>

    <p class='ocr_par' dir='ltr' id='par_1_4' title="bbox 199 1194 1784 1736">
     <span class='ocr_line' id='line_1_19' title="bbox 339 1194 1783 1247; baseline -0.001 -12"><span class='ocrx_word' id='word_1_142' title='bbox 339 1194 665 1247; x_wconf 87' lang='lat' dir='ltr'>Comparatioues</span> <span class='ocrx_word' id='word_1_143' title='bbox 695 1209 716 1234; x_wconf 93' lang='lat' dir='ltr'>e</span> <span class='ocrx_word' id='word_1_144' title='bbox 745 1196 986 1234; x_wconf 90' lang='lat' dir='ltr'>carminibus</span> <span class='ocrx_word' id='word_1_145' title='bbox 1016 1195 1239 1234; x_wconf 89' lang='lat' dir='ltr'>Homericis</span> <span class='ocrx_word' id='word_1_146' title='bbox 1274 1197 1464 1246; x_wconf 82' lang='lat' dir='ltr'>repetitae</span> <span class='ocrx_word' id='word_1_147' title='bbox 1495 1200 1562 1234; x_wconf 88' lang='lat' dir='ltr'>aut</span> <span class='ocrx_word' id='word_1_148' title='bbox 1590 1207 1783 1246; x_wconf 86' lang='lat' dir='ltr'>personae</span> 
     </span>
     <span class='ocr_line' id='line_1_20' title="bbox 200 1249 1783 1302; baseline 0.001 -14"><span class='ocrx_word' id='word_1_149' title='bbox 200 1250 374 1288; x_wconf 88' lang='lat' dir='ltr'>heroicis</span> <span class='ocrx_word' id='word_1_150' title='bbox 404 1250 630 1288; x_wconf 89' lang='lat' dir='ltr'>nominibus</span> <span class='ocrx_word' id='word_1_151' title='bbox 660 1250 903 1302; x_wconf 86' lang='lat' dir='ltr'>significatae</span> <span class='ocrx_word' id='word_1_152' title='bbox 934 1263 1012 1288; x_wconf 89' lang='lat' dir='ltr'>non</span> <span class='ocrx_word' id='word_1_153' title='bbox 1039 1262 1128 1288; x_wconf 89' lang='lat' dir='ltr'>raro</span> <span class='ocrx_word' id='word_1_154' title='bbox 1155 1249 1414 1302; x_wconf 63' lang='lat' dir='ltr'>occurruntfl)</span> <span class='ocrx_word' id='word_1_155' title='bbox 1462 1249 1667 1289; x_wconf 91' lang='lat' dir='ltr'>Interdum</span> <span class='ocrx_word' id='word_1_156' title='bbox 1693 1262 1783 1302; x_wconf 90' lang='lat' dir='ltr'>per-</span> 
     </span>
     <span class='ocr_line' id='line_1_21' title="bbox 206 1303 1781 1344; baseline -0.001 0"><span class='ocrx_word' id='word_1_157' title='bbox 206 1305 313 1344; x_wconf 89' lang='lat' dir='ltr'>sonis</span> <span class='ocrx_word' id='word_1_158' title='bbox 347 1303 571 1344; x_wconf 88' lang='lat' dir='ltr'>Homericis</span> <span class='ocrx_word' id='word_1_159' title='bbox 605 1304 811 1344; x_wconf 88' lang='lat' dir='ltr'>Juvenalis</span> <span class='ocrx_word' id='word_1_160' title='bbox 855 1305 977 1343; x_wconf 90' lang='lat' dir='ltr'>utitur</span> <span class='ocrx_word' id='word_1_161' title='bbox 1020 1305 1069 1343; x_wconf 89' lang='lat' dir='ltr'>ad</span> <span class='ocrx_word' id='word_1_162' title='bbox 1109 1305 1274 1343; x_wconf 86' lang='lat' dir='ltr'>virtutes</span> <span class='ocrx_word' id='word_1_163' title='bbox 1318 1309 1357 1344; x_wconf 89' lang='lat' dir='ltr'>et</span> <span class='ocrx_word' id='word_1_164' title='bbox 1397 1305 1493 1344; x_wconf 88' lang='lat' dir='ltr'>vitia</span> <span class='ocrx_word' id='word_1_165' title='bbox 1535 1305 1781 1343; x_wconf 88' lang='lat' dir='ltr'>illustranda.</span> 
     </span>
     <span class='ocr_line' id='line_1_22' title="bbox 199 1357 1783 1411; baseline 0 -14"><span class='ocrx_word' id='word_1_166' title='bbox 199 1359 336 1402; x_wconf 45' lang='lat' dir='ltr'>*Quam</span> <span class='ocrx_word' id='word_1_167' title='bbox 357 1360 560 1397; x_wconf 89' lang='lat' dir='ltr'>ethicam</span> <span class='ocrx_word' id='word_1_168' title='bbox 581 1359 773 1397; x_wconf 91' lang='lat' dir='ltr'>Homeri</span> <span class='ocrx_word' id='word_1_169' title='bbox 793 1359 1241 1410; x_wconf 88' lang='lat' dir='ltr'>interpretationem</span> <span class='ocrx_word' id='word_1_170' title='bbox 1261 1359 1473 1411; x_wconf 89' lang='lat' dir='ltr'>praecipue</span> <span class='ocrx_word' id='word_1_171' title='bbox 1494 1359 1597 1411; x_wconf 86' lang='lat' dir='ltr'>apud</span> <span class='ocrx_word' id='word_1_172' title='bbox 1615 1357 1783 1411; x_wconf 85' lang='lat' dir='ltr'>Cynicos</span> 
     </span>
     <span class='ocr_line' id='line_1_23' title="bbox 207 1412 1783 1466; baseline 0 -14"><span class='ocrx_word' id='word_1_173' title='bbox 207 1413 439 1466; x_wconf 84' lang='lat' dir='ltr'>Stoicosque</span> <span class='ocrx_word' id='word_1_174' title='bbox 467 1412 711 1465; x_wconf 77' lang='lat' dir='ltr'>vulgatam9)</span> <span class='ocrx_word' id='word_1_175' title='bbox 741 1427 765 1453; x_wconf 90' lang='lat' dir='ltr'>a</span> <span class='ocrx_word' id='word_1_176' title='bbox 791 1413 1004 1453; x_wconf 86' lang='lat' dir='ltr'>Plutarcho</span> <span class='ocrx_word' id='word_1_177' title='bbox 1034 1413 1204 1452; x_wconf 90' lang='lat' dir='ltr'>maxime</span> <span class='ocrx_word' id='word_1_178' title='bbox 1234 1414 1549 1453; x_wconf 89' lang='lat' dir='ltr'>commendatam</span> <span class='ocrx_word' id='word_1_179' title='bbox 1585 1427 1670 1453; x_wconf 90' lang='lat' dir='ltr'>esse</span> <span class='ocrx_word' id='word_1_180' title='bbox 1696 1415 1783 1465; x_wconf 92' lang='lat' dir='ltr'>quis</span> 
     </span>
     <span class='ocr_line' id='line_1_24' title="bbox 206 1467 1784 1520; baseline -0.001 -13"><span class='ocrx_word' id='word_1_181' title='bbox 206 1472 277 1516; x_wconf 90' lang='lat' dir='ltr'>est,</span> <span class='ocrx_word' id='word_1_182' title='bbox 299 1469 366 1519; x_wconf 92' lang='lat' dir='ltr'>qui</span> <span class='ocrx_word' id='word_1_183' title='bbox 386 1469 562 1507; x_wconf 82' lang='lat' dir='ltr'>nesciat?</span> <span class='ocrx_word' id='word_1_184' title='bbox 607 1468 772 1506; x_wconf 89' lang='lat' dir='ltr'>Achillis</span> <span class='ocrx_word' id='word_1_185' title='bbox 792 1468 1026 1519; x_wconf 91' lang='lat' dir='ltr'>obsequium</span> <span class='ocrx_word' id='word_1_186' title='bbox 1055 1469 1093 1505; x_wconf 88' lang='lat' dir='ltr'>in</span> <span class='ocrx_word' id='word_1_187' title='bbox 1115 1467 1329 1506; x_wconf 86' lang='lat' dir='ltr'>Chironem</span> <span class='ocrx_word' id='word_1_188' title='bbox 1349 1468 1581 1520; x_wconf 88' lang='lat' dir='ltr'>magistrum</span> <span class='ocrx_word' id='word_1_189' title='bbox 1600 1468 1784 1506; x_wconf 85' lang='lat' dir='ltr'>laudatur</span> 
     </span>
     <span class='ocr_line' id='line_1_25' title="bbox 208 1521 1781 1575; baseline 0.001 -15"><span class='ocrx_word' id='word_1_190' title='bbox 208 1523 244 1560; x_wconf 86' lang='lat'>7.</span> <span class='ocrx_word' id='word_1_191' title='bbox 263 1532 328 1564; x_wconf 80' lang='lat'>210</span> <span class='ocrx_word' id='word_1_192' title='bbox 343 1535 398 1574; x_wconf 88' lang='lat' dir='ltr'>sq.</span> <span class='ocrx_word' id='word_1_193' title='bbox 458 1522 513 1562; x_wconf 89' lang='lat' dir='ltr'>Ut</span> <span class='ocrx_word' id='word_1_194' title='bbox 538 1523 640 1561; x_wconf 87' lang='lat' dir='ltr'>Aiax</span> <span class='ocrx_word' id='word_1_195' title='bbox 670 1528 709 1562; x_wconf 88' lang='lat' dir='ltr'>et</span> <span class='ocrx_word' id='word_1_196' title='bbox 737 1522 912 1562; x_wconf 89' lang='lat' dir='ltr'>Achilles</span> <span class='ocrx_word' id='word_1_197' title='bbox 948 1527 1079 1574; x_wconf 88' lang='lat' dir='ltr'>patres</span> <span class='ocrx_word' id='word_1_198' title='bbox 1108 1521 1252 1562; x_wconf 86' lang='lat' dir='ltr'>virtute</span> <span class='ocrx_word' id='word_1_199' title='bbox 1282 1523 1565 1575; x_wconf 87' lang='lat' dir='ltr'>superaverint,</span> <span class='ocrx_word' id='word_1_200' title='bbox 1601 1523 1656 1562; x_wconf 87' lang='lat' dir='ltr'>ita</span> <span class='ocrx_word' id='word_1_201' title='bbox 1685 1522 1781 1561; x_wconf 87' lang='lat' dir='ltr'>adu-</span> 
     </span>
     <span class='ocr_line' id='line_1_26' title="bbox 205 1577 1783 1628; baseline -0.001 -12"><span class='ocrx_word' id='word_1_202' title='bbox 205 1578 400 1616; x_wconf 89' lang='lat' dir='ltr'>lescentes</span> <span class='ocrx_word' id='word_1_203' title='bbox 423 1578 525 1616; x_wconf 88' lang='lat' dir='ltr'>male</span> <span class='ocrx_word' id='word_1_204' title='bbox 545 1579 733 1616; x_wconf 85' lang='lat' dir='ltr'>educatos</span> <span class='ocrx_word' id='word_1_205' title='bbox 753 1578 968 1615; x_wconf 87' lang='lat' dir='ltr'>deteriores</span> <span class='ocrx_word' id='word_1_206' title='bbox 989 1577 1165 1627; x_wconf 88' lang='lat' dir='ltr'>patribus</span> <span class='ocrx_word' id='word_1_207' title='bbox 1185 1577 1270 1615; x_wconf 91' lang='lat' dir='ltr'>fieri</span> <span class='ocrx_word' id='word_1_208' title='bbox 1291 1577 1385 1614; x_wconf 91' lang='lat' dir='ltr'>dicit</span> <span class='ocrx_word' id='word_1_209' title='bbox 1409 1579 1468 1614; x_wconf 84' lang='lat'>14.</span> <span class='ocrx_word' id='word_1_210' title='bbox 1487 1587 1562 1619; x_wconf 69' lang='lat'>⁶213-</span> <span class='ocrx_word' id='word_1_211' title='bbox 1603 1577 1783 1628; x_wconf 84' lang='lat' dir='ltr'>Longam</span> 
     </span>
     <span class='ocr_line' id='line_1_27' title="bbox 205 1630 1782 1683; baseline -0.001 -13"><span class='ocrx_word' id='word_1_212' title='bbox 205 1631 330 1670; x_wconf 88' lang='lat' dir='ltr'>vitam</span> <span class='ocrx_word' id='word_1_213' title='bbox 359 1644 450 1670; x_wconf 90' lang='lat' dir='ltr'>cum</span> <span class='ocrx_word' id='word_1_214' title='bbox 479 1631 639 1670; x_wconf 88' lang='lat' dir='ltr'>miseria</span> <span class='ocrx_word' id='word_1_215' title='bbox 668 1631 917 1671; x_wconf 90' lang='lat' dir='ltr'>coniunctam</span> <span class='ocrx_word' id='word_1_216' title='bbox 947 1644 1033 1670; x_wconf 87' lang='lat' dir='ltr'>esse</span> <span class='ocrx_word' id='word_1_217' title='bbox 1063 1630 1185 1679; x_wconf 90' lang='lat' dir='ltr'>Pelei,</span> <span class='ocrx_word' id='word_1_218' title='bbox 1214 1630 1401 1678; x_wconf 88' lang='lat' dir='ltr'>Nestoris,</span> <span class='ocrx_word' id='word_1_219' title='bbox 1423 1631 1574 1670; x_wconf 89' lang='lat' dir='ltr'>Priami</span> <span class='ocrx_word' id='word_1_220' title='bbox 1603 1631 1782 1683; x_wconf 87' lang='lat' dir='ltr'>exemplo</span> 
     </span>
     <span class='ocr_line' id='line_1_28' title="bbox 208 1685 1591 1736; baseline -0.001 -12"><span class='ocrx_word' id='word_1_221' title='bbox 208 1686 430 1724; x_wconf 88' lang='lat' dir='ltr'>ostenditur</span> <span class='ocrx_word' id='word_1_222' title='bbox 462 1687 721 1728; x_wconf 74' lang='lat'>10.246—-271.</span> <span class='ocrx_word' id='word_1_223' title='bbox 779 1686 1059 1736; x_wconf 87' lang='lat' dir='ltr'>Arrogantiam</span> <span class='ocrx_word' id='word_1_224' title='bbox 1089 1686 1144 1724; x_wconf 90' lang='lat' dir='ltr'>sic</span> <span class='ocrx_word' id='word_1_225' title='bbox 1174 1685 1427 1736; x_wconf 87' lang='lat' dir='ltr'>reprehendit</span> <span class='ocrx_word' id='word_1_226' title='bbox 1459 1688 1591 1728; x_wconf 87' lang='lat'>11.30.</span> 
     </span>
    </p>
   </div>
   <div class='ocr_carea' id='block_1_3' title="bbox 582 1760 1465 1865">
    <p class='ocr_par' dir='ltr' id='par_1_5' title="bbox 582 1760 1465 1865">
     <span class='ocr_line' id='line_1_29' title="bbox 634 1760 1421 1811; baseline 0 -10"><span class='ocrx_word' id='word_1_227' title='bbox 634 1774 756 1811; x_wconf 72' lang='lat' dir='ltr'>‘neque</span> <span class='ocrx_word' id='word_1_228' title='bbox 782 1762 888 1801; x_wconf 82' lang='lat' dir='ltr'>enim</span> <span class='ocrx_word' id='word_1_229' title='bbox 919 1761 1079 1800; x_wconf 80' lang='lat' dir='ltr'>loricam</span> <span class='ocrx_word' id='word_1_230' title='bbox 1106 1761 1228 1811; x_wconf 80' lang='lat' dir='ltr'>poscit</span> <span class='ocrx_word' id='word_1_231' title='bbox 1255 1760 1421 1801; x_wconf 68' lang='lat' dir='ltr'>Achillis</span> 
     </span>
     <span class='ocr_line' id='line_1_30' title="bbox 582 1815 1465 1865; baseline 0 -12"><span class='ocrx_word' id='word_1_232' title='bbox 582 1815 788 1860; x_wconf 79' lang='lat' dir='ltr'>Thersites,</span> <span class='ocrx_word' id='word_1_233' title='bbox 816 1817 861 1855; x_wconf 76' lang='lat' dir='ltr'>in</span> <span class='ocrx_word' id='word_1_234' title='bbox 890 1828 969 1865; x_wconf 82' lang='lat' dir='ltr'>qua</span> <span class='ocrx_word' id='word_1_235' title='bbox 998 1829 1035 1854; x_wconf 83' lang='lat' dir='ltr'>se</span> <span class='ocrx_word' id='word_1_236' title='bbox 1064 1815 1286 1855; x_wconf 80' lang='lat' dir='ltr'>traducebat</span> <span class='ocrx_word' id='word_1_237' title='bbox 1322 1815 1465 1855; x_wconf 79' lang='lat' dir='ltr'>Ulixes.</span> 
     </span>
    </p>
   </div>
   <div class='ocr_carea' id='block_1_4' title="bbox 207 1871 467 1875">
    <p class='ocr_par' dir='ltr' id='par_1_6' title="bbox 207 1871 467 1875">
     <span class='ocr_line' id='line_1_31' title="bbox 207 1871 467 1875; baseline 0 0"><span class='ocrx_word' id='word_1_238' title='bbox 207 1871 467 1875; x_wconf 95' lang='lat' dir='ltr'> </span> 
     </span>
    </p>
   </div>
   <div class='ocr_carea' id='block_1_5' title="bbox 201 1900 1783 2769">
    <p class='ocr_par' dir='ltr' id='par_1_7' title="bbox 343 1900 1410 1941">
     <span class='ocr_line' id='line_1_32' title="bbox 343 1900 1410 1941; baseline -0.004 -6"><span class='ocrx_word' id='word_1_239' title='bbox 343 1902 373 1941; x_wconf 92' lang='grc'><strong>1)</strong></span> <span class='ocrx_word' id='word_1_240' title='bbox 397 1901 434 1935; x_wconf 92' lang='lat' dir='ltr'>P.</span> <span class='ocrx_word' id='word_1_241' title='bbox 460 1900 651 1938; x_wconf 87' lang='lat' dir='ltr'>Schwartz,</span> <span class='ocrx_word' id='word_1_242' title='bbox 677 1901 721 1934; x_wconf 92' lang='lat' dir='ltr'>de</span> <span class='ocrx_word' id='word_1_243' title='bbox 745 1901 871 1934; x_wconf 86' lang='lat' dir='ltr'>Juven.</span> <span class='ocrx_word' id='word_1_244' title='bbox 899 1901 1036 1935; x_wconf 86' lang='lat' dir='ltr'>Horatii</span> <span class='ocrx_word' id='word_1_245' title='bbox 1060 1901 1149 1934; x_wconf 87' lang='lat' dir='ltr'>imit.</span> <span class='ocrx_word' id='word_1_246' title='bbox 1191 1900 1291 1934; x_wconf 82' lang='lat' dir='ltr'>Halis</span> <span class='ocrx_word' id='word_1_247' title='bbox 1320 1900 1410 1934; x_wconf 76' lang='lat'>1889..</span> 
     </span>
    </p>

    <p class='ocr_par' dir='ltr' id='par_1_8' title="bbox 339 1944 1247 1987">
     <span class='ocr_line' id='line_1_33' title="bbox 339 1944 1247 1987; baseline -0.002 -8"><span class='ocrx_word' id='word_1_248' title='bbox 339 1948 372 1986; x_wconf 78' lang='grc'>2)</span> <span class='ocrx_word' id='word_1_249' title='bbox 399 1945 546 1986; x_wconf 88' lang='lat' dir='ltr'>Gehlen,</span> <span class='ocrx_word' id='word_1_250' title='bbox 570 1944 615 1978; x_wconf 87' lang='lat' dir='ltr'>de</span> <span class='ocrx_word' id='word_1_251' title='bbox 639 1945 720 1978; x_wconf 79' lang='lat' dir='ltr'>JuV.</span> <span class='ocrx_word' id='word_1_252' title='bbox 747 1945 896 1987; x_wconf 84' lang='lat' dir='ltr'>Vergilii</span> <span class='ocrx_word' id='word_1_253' title='bbox 920 1945 1009 1979; x_wconf 87' lang='lat' dir='ltr'>imit.</span> <span class='ocrx_word' id='word_1_254' title='bbox 1057 1945 1125 1977; x_wconf 87' lang='lat' dir='ltr'>Erl.</span> <span class='ocrx_word' id='word_1_255' title='bbox 1154 1946 1247 1978; x_wconf 85' lang='grc'><strong>1896.</strong></span> 
     </span>
    </p>

    <p class='ocr_par' dir='ltr' id='par_1_9' title="bbox 339 1988 951 2030">
     <span class='ocr_line' id='line_1_34' title="bbox 339 1988 951 2030; baseline -0.003 -8"><span class='ocrx_word' id='word_1_256' title='bbox 339 1991 371 2025; x_wconf 90' lang='grc'>3)</span> <span class='ocrx_word' id='word_1_257' title='bbox 398 1989 526 2022; x_wconf 90' lang='lat' dir='ltr'>Strube</span> <span class='ocrx_word' id='word_1_258' title='bbox 554 1991 634 2030; x_wconf 89' lang='lat' dir='ltr'>lsq.</span> <span class='ocrx_word' id='word_1_259' title='bbox 683 1988 797 2021; x_wconf 87' lang='lat' dir='ltr'>Weise</span> <span class='ocrx_word' id='word_1_260' title='bbox 821 1997 897 2030; x_wconf 85' lang='lat' dir='ltr'>cap.</span> <span class='ocrx_word' id='word_1_261' title='bbox 922 1990 951 2021; x_wconf 86' lang='lat'>3.</span> 
     </span>
    </p>

    <p class='ocr_par' dir='ltr' id='par_1_10' title="bbox 208 2030 1783 2117">
     <span class='ocr_line' id='line_1_35' title="bbox 339 2030 1783 2073; baseline 0.002 -10"><span class='ocrx_word' id='word_1_262' title='bbox 339 2033 373 2072; x_wconf 85' lang='lat'>4)</span> <span class='ocrx_word' id='word_1_263' title='bbox 397 2032 525 2065; x_wconf 89' lang='lat' dir='ltr'>Weber</span> <span class='ocrx_word' id='word_1_264' title='bbox 541 2033 593 2071; x_wconf 79' lang='lat'>26,</span> <span class='ocrx_word' id='word_1_265' title='bbox 615 2033 667 2064; x_wconf 88' lang='grc'>49.</span> <span class='ocrx_word' id='word_1_266' title='bbox 712 2041 742 2064; x_wconf 91' lang='lat' dir='ltr'>v.</span> <span class='ocrx_word' id='word_1_267' title='bbox 766 2031 1014 2072; x_wconf 86' lang='lat' dir='ltr'>Wilamowitz,</span> <span class='ocrx_word' id='word_1_268' title='bbox 1050 2030 1170 2073; x_wconf 83' lang='lat' dir='ltr'>Antig.</span> <span class='ocrx_word' id='word_1_269' title='bbox 1197 2041 1228 2064; x_wconf 88' lang='lat' dir='ltr'>v.</span> <span class='ocrx_word' id='word_1_270' title='bbox 1254 2030 1334 2064; x_wconf 90' lang='lat' dir='ltr'>Kar.</span> <span class='ocrx_word' id='word_1_271' title='bbox 1360 2032 1411 2064; x_wconf 84' lang='lat'>70.</span> <span class='ocrx_word' id='word_1_272' title='bbox 1452 2030 1579 2072; x_wconf 76' lang='lat' dir='ltr'>Hirzel,</span> <span class='ocrx_word' id='word_1_273' title='bbox 1603 2030 1636 2065; x_wconf 90' lang='lat' dir='ltr'>d.</span> <span class='ocrx_word' id='word_1_274' title='bbox 1654 2031 1783 2073; x_wconf 89' lang='lat' dir='ltr'>Dialog</span> 
     </span>
     <span class='ocr_line' id='line_1_36' title="bbox 208 2074 1006 2117; baseline -0.001 -8"><span class='ocrx_word' id='word_1_275' title='bbox 208 2074 233 2109; x_wconf 89' lang='lat'>1.</span> <span class='ocrx_word' id='word_1_276' title='bbox 252 2078 326 2111; x_wconf 81' lang='lat'>381.</span> <span class='ocrx_word' id='word_1_277' title='bbox 352 2075 451 2110; x_wconf 89' lang='lat' dir='ltr'>Paul.</span> <span class='ocrx_word' id='word_1_278' title='bbox 476 2075 578 2109; x_wconf 89' lang='lat' dir='ltr'>Wiss.</span> <span class='ocrx_word' id='word_1_279' title='bbox 604 2075 643 2108; x_wconf 94' lang='lat' dir='ltr'>V.</span> <span class='ocrx_word' id='word_1_280' title='bbox 673 2078 699 2109; x_wconf 91' lang='lat'>1.</span> <span class='ocrx_word' id='word_1_281' title='bbox 723 2076 787 2109; x_wconf 83' lang='grc'>860</span> <span class='ocrx_word' id='word_1_282' title='bbox 800 2085 852 2117; x_wconf 83' lang='lat' dir='ltr'>sq.</span> <span class='ocrx_word' id='word_1_283' title='bbox 877 2078 950 2109; x_wconf 85' lang='grc'><strong>866.</strong></span> <span class='ocrx_word' id='word_1_284' title='bbox 964 2086 1006 2111; x_wconf 90' lang='lat'>20.</span> 
     </span>
    </p>

    <p class='ocr_par' dir='ltr' id='par_1_11' title="bbox 208 2116 1781 2204">
     <span class='ocr_line' id='line_1_37' title="bbox 339 2116 1781 2160; baseline -0.002 -8"><span class='ocrx_word' id='word_1_285' title='bbox 339 2121 374 2159; x_wconf 78' lang='lat'>5)</span> <span class='ocrx_word' id='word_1_286' title='bbox 399 2119 492 2152; x_wconf 86' lang='lat' dir='ltr'>Satis</span> <span class='ocrx_word' id='word_1_287' title='bbox 523 2121 578 2151; x_wconf 81' lang='lat' dir='ltr'>est</span> <span class='ocrx_word' id='word_1_288' title='bbox 607 2127 722 2160; x_wconf 87' lang='lat' dir='ltr'>pauca</span> <span class='ocrx_word' id='word_1_289' title='bbox 746 2118 909 2160; x_wconf 84' lang='lat' dir='ltr'>exempla</span> <span class='ocrx_word' id='word_1_290' title='bbox 933 2118 1080 2159; x_wconf 85' lang='lat' dir='ltr'>eligere:</span> <span class='ocrx_word' id='word_1_291' title='bbox 1116 2117 1212 2158; x_wconf 84' lang='lat' dir='ltr'>Nigr.</span> <span class='ocrx_word' id='word_1_292' title='bbox 1234 2119 1281 2150; x_wconf 84' lang='lat'>17.</span> <span class='ocrx_word' id='word_1_293' title='bbox 1309 2118 1356 2149; x_wconf 88' lang='lat'>18.</span> <span class='ocrx_word' id='word_1_294' title='bbox 1394 2116 1482 2149; x_wconf 80' lang='lat' dir='ltr'>Piso.</span> <span class='ocrx_word' id='word_1_295' title='bbox 1505 2118 1595 2150; x_wconf 90' lang='lat'>1—3.</span> <span class='ocrx_word' id='word_1_296' title='bbox 1614 2118 1643 2150; x_wconf 85' lang='lat'>5.</span> <span class='ocrx_word' id='word_1_297' title='bbox 1659 2119 1712 2150; x_wconf 86' lang='lat'>41.</span> <span class='ocrx_word' id='word_1_298' title='bbox 1728 2119 1781 2149; x_wconf 78' lang='lat'>42.</span> 
     </span>
     <span class='ocr_line' id='line_1_38' title="bbox 208 2160 1404 2204; baseline -0.002 -10"><span class='ocrx_word' id='word_1_299' title='bbox 208 2162 253 2195; x_wconf 84' lang='lat' dir='ltr'>de</span> <span class='ocrx_word' id='word_1_300' title='bbox 277 2171 384 2195; x_wconf 86' lang='lat' dir='ltr'>merc.</span> <span class='ocrx_word' id='word_1_301' title='bbox 409 2161 510 2195; x_wconf 89' lang='lat' dir='ltr'>cond.</span> <span class='ocrx_word' id='word_1_302' title='bbox 541 2164 587 2194; x_wconf 94' lang='grc'>11.</span> <span class='ocrx_word' id='word_1_303' title='bbox 616 2160 663 2194; x_wconf 88' lang='grc'>16.</span> <span class='ocrx_word' id='word_1_304' title='bbox 690 2162 740 2194; x_wconf 70' lang='grc'>20.</span> <span class='ocrx_word' id='word_1_305' title='bbox 787 2161 868 2204; x_wconf 81' lang='lat' dir='ltr'>Jup.</span> <span class='ocrx_word' id='word_1_306' title='bbox 892 2163 934 2194; x_wconf 85' lang='lat' dir='ltr'>tr.</span> <span class='ocrx_word' id='word_1_307' title='bbox 960 2163 988 2193; x_wconf 95' lang='grc'>1.</span> <span class='ocrx_word' id='word_1_308' title='bbox 1013 2162 1042 2193; x_wconf 91' lang='grc'>6.</span> <span class='ocrx_word' id='word_1_309' title='bbox 1068 2163 1098 2193; x_wconf 89' lang='grc'><strong>9.</strong></span> <span class='ocrx_word' id='word_1_310' title='bbox 1125 2163 1172 2194; x_wconf 91' lang='grc'>19.</span> <span class='ocrx_word' id='word_1_311' title='bbox 1198 2162 1250 2194; x_wconf 89' lang='grc'>40.</span> <span class='ocrx_word' id='word_1_312' title='bbox 1275 2162 1327 2193; x_wconf 88' lang='grc'><strong>44.</strong></span> <span class='ocrx_word' id='word_1_313' title='bbox 1351 2162 1404 2194; x_wconf 83' lang='lat'>45.</span> 
     </span>
    </p>

    <p class='ocr_par' dir='ltr' id='par_1_12' title="bbox 207 2203 1781 2464">
     <span class='ocr_line' id='line_1_39' title="bbox 339 2203 1780 2247; baseline -0.001 -8"><span class='ocrx_word' id='word_1_314' title='bbox 339 2206 374 2244; x_wconf 88' lang='grc'>6)</span> <span class='ocrx_word' id='word_1_315' title='bbox 400 2205 443 2239; x_wconf 83' lang='lat' dir='ltr'>cf.</span> <span class='ocrx_word' id='word_1_316' title='bbox 475 2205 721 2245; x_wconf 80' lang='lat' dir='ltr'>Wachsmuth,</span> <span class='ocrx_word' id='word_1_317' title='bbox 751 2205 885 2247; x_wconf 85' lang='lat' dir='ltr'>sillogr.</span> <span class='ocrx_word' id='word_1_318' title='bbox 911 2205 968 2238; x_wconf 86' lang='lat' dir='ltr'>Gr.</span> <span class='ocrx_word' id='word_1_319' title='bbox 999 2207 1050 2241; x_wconf 85' lang='grc'>69,</span> <span class='ocrx_word' id='word_1_320' title='bbox 1076 2206 1118 2237; x_wconf 82' lang='lat'>75</span> <span class='ocrx_word' id='word_1_321' title='bbox 1131 2214 1182 2246; x_wconf 80' lang='lat' dir='ltr'>sq.</span> <span class='ocrx_word' id='word_1_322' title='bbox 1228 2222 1267 2226; x_wconf 91' lang='lat'><strong>—</strong></span> <span class='ocrx_word' id='word_1_323' title='bbox 1311 2203 1411 2246; x_wconf 82' lang='lat' dir='ltr'>Eligo</span> <span class='ocrx_word' id='word_1_324' title='bbox 1444 2204 1541 2237; x_wconf 88' lang='lat' dir='ltr'>locos</span> <span class='ocrx_word' id='word_1_325' title='bbox 1571 2204 1780 2238; x_wconf 87' lang='lat' dir='ltr'>nonnullos:</span> 
     </span>
     <span class='ocr_line' id='line_1_40' title="bbox 209 2248 1781 2289; baseline -0.001 -7"><span class='ocrx_word' id='word_1_326' title='bbox 209 2251 238 2282; x_wconf 84' lang='lat'>2.</span> <span class='ocrx_word' id='word_1_327' title='bbox 253 2261 294 2289; x_wconf 79' lang='lat'>99,</span> <span class='ocrx_word' id='word_1_328' title='bbox 318 2251 404 2283; x_wconf 86' lang='lat' dir='ltr'>Aen.</span> <span class='ocrx_word' id='word_1_329' title='bbox 429 2251 459 2283; x_wconf 93' lang='lat'>3.</span> <span class='ocrx_word' id='word_1_330' title='bbox 473 2259 530 2284; x_wconf 70' lang='grc'><strong>230.</strong></span> <span class='ocrx_word' id='word_1_331' title='bbox 555 2251 586 2282; x_wconf 89' lang='grc'>4.</span> <span class='ocrx_word' id='word_1_332' title='bbox 600 2259 641 2288; x_wconf 78' lang='grc'><strong>34,</strong></span> <span class='ocrx_word' id='word_1_333' title='bbox 666 2249 753 2281; x_wconf 89' lang='lat' dir='ltr'>Aen.</span> <span class='ocrx_word' id='word_1_334' title='bbox 778 2251 877 2284; x_wconf 81' lang='lat'>9.525.</span> <span class='ocrx_word' id='word_1_335' title='bbox 902 2252 988 2289; x_wconf 80' lang='lat'>4.36‚</span> <span class='ocrx_word' id='word_1_336' title='bbox 1013 2248 1076 2281; x_wconf 91' lang='lat' dir='ltr'>ecl.</span> <span class='ocrx_word' id='word_1_337' title='bbox 1094 2250 1124 2281; x_wconf 88' lang='grc'>8.</span> <span class='ocrx_word' id='word_1_338' title='bbox 1137 2258 1178 2283; x_wconf 80' lang='grc'>03.</span> <span class='ocrx_word' id='word_1_339' title='bbox 1203 2250 1289 2287; x_wconf 75' lang='lat'>4.41‚</span> <span class='ocrx_word' id='word_1_340' title='bbox 1315 2248 1399 2281; x_wconf 85' lang='lat' dir='ltr'>Aen.</span> <span class='ocrx_word' id='word_1_341' title='bbox 1425 2250 1474 2281; x_wconf 90' lang='grc'>10.</span> <span class='ocrx_word' id='word_1_342' title='bbox 1488 2259 1543 2283; x_wconf 78' lang='lat'>819.</span> <span class='ocrx_word' id='word_1_343' title='bbox 1570 2250 1670 2288; x_wconf 79' lang='lat'>5.138‚</span> <span class='ocrx_word' id='word_1_344' title='bbox 1695 2249 1781 2281; x_wconf 87' lang='lat' dir='ltr'>Aen.</span> 
     </span>
     <span class='ocr_line' id='line_1_41' title="bbox 208 2290 1781 2333; baseline 0.001 -8"><span class='ocrx_word' id='word_1_345' title='bbox 208 2295 240 2325; x_wconf 90' lang='grc'><strong>4.</strong></span> <span class='ocrx_word' id='word_1_346' title='bbox 255 2303 312 2327; x_wconf 80' lang='lat'>328.</span> <span class='ocrx_word' id='word_1_347' title='bbox 337 2295 438 2333; x_wconf 83' lang='lat'>9.102,</span> <span class='ocrx_word' id='word_1_348' title='bbox 463 2293 526 2326; x_wconf 86' lang='lat' dir='ltr'>ecl.</span> <span class='ocrx_word' id='word_1_349' title='bbox 546 2294 631 2327; x_wconf 63' lang='lat'>269.</span> <span class='ocrx_word' id='word_1_350' title='bbox 657 2310 696 2315; x_wconf 91' lang='lat'><strong>—</strong></span> <span class='ocrx_word' id='word_1_351' title='bbox 721 2295 819 2333; x_wconf 47' lang='grc' dir='ltr'>αυτ,</span> <span class='ocrx_word' id='word_1_352' title='bbox 845 2293 930 2326; x_wconf 91' lang='lat' dir='ltr'>Aen.</span> <span class='ocrx_word' id='word_1_353' title='bbox 947 2293 977 2325; x_wconf 88' lang='lat'>3.</span> <span class='ocrx_word' id='word_1_354' title='bbox 992 2304 1049 2327; x_wconf 81' lang='lat'>³90.</span> <span class='ocrx_word' id='word_1_355' title='bbox 1074 2291 1104 2325; x_wconf 85' lang='lat'>8.</span> <span class='ocrx_word' id='word_1_356' title='bbox 1118 2302 1149 2326; x_wconf 83' lang='lat'>45</span> <span class='ocrx_word' id='word_1_357' title='bbox 1166 2290 1299 2332; x_wconf 81' lang='lat' dir='ltr'>(Streif.</span> <span class='ocrx_word' id='word_1_358' title='bbox 1321 2293 1383 2332; x_wconf 89' lang='grc'><strong>17).</strong></span> <span class='ocrx_word' id='word_1_359' title='bbox 1408 2291 1452 2325; x_wconf 82' lang='lat' dir='ltr'>cf.</span> <span class='ocrx_word' id='word_1_360' title='bbox 1469 2291 1614 2331; x_wconf 68' lang='lat' dir='ltr'>Gehlem</span> <span class='ocrx_word' id='word_1_361' title='bbox 1640 2292 1684 2326; x_wconf 87' lang='lat' dir='ltr'>de</span> <span class='ocrx_word' id='word_1_362' title='bbox 1700 2291 1781 2326; x_wconf 85' lang='lat' dir='ltr'>Juv.</span> 
     </span>
     <span class='ocr_line' id='line_1_42' title="bbox 209 2335 1781 2379; baseline 0.001 -10"><span class='ocrx_word' id='word_1_363' title='bbox 209 2336 314 2378; x_wconf 85' lang='lat' dir='ltr'>Verg.</span> <span class='ocrx_word' id='word_1_364' title='bbox 339 2337 398 2370; x_wconf 90' lang='lat' dir='ltr'>im.</span> <span class='ocrx_word' id='word_1_365' title='bbox 423 2339 464 2370; x_wconf 88' lang='grc'><strong>34</strong></span> <span class='ocrx_word' id='word_1_366' title='bbox 478 2346 530 2379; x_wconf 88' lang='lat' dir='ltr'>sq.</span> <span class='ocrx_word' id='word_1_367' title='bbox 555 2355 594 2359; x_wconf 97' lang='lat'><strong>—</strong></span> <span class='ocrx_word' id='word_1_368' title='bbox 620 2337 722 2377; x_wconf 66' lang='lat'>2123,</span> <span class='ocrx_word' id='word_1_369' title='bbox 747 2336 808 2369; x_wconf 91' lang='lat' dir='ltr'>Od.</span> <span class='ocrx_word' id='word_1_370' title='bbox 837 2338 920 2373; x_wconf 76' lang='lat' dir='ltr'>5.s1.</span> <span class='ocrx_word' id='word_1_371' title='bbox 955 2337 985 2370; x_wconf 89' lang='lat'>3.</span> <span class='ocrx_word' id='word_1_372' title='bbox 999 2346 1046 2370; x_wconf 83' lang='lat'>279</span> <span class='ocrx_word' id='word_1_373' title='bbox 1060 2345 1111 2378; x_wconf 84' lang='lat' dir='ltr'>sq.</span> <span class='ocrx_word' id='word_1_374' title='bbox 1139 2335 1175 2368; x_wconf 90' lang='grc'>11.</span> <span class='ocrx_word' id='word_1_375' title='bbox 1201 2337 1298 2370; x_wconf 64' lang='grc'><strong>2410</strong></span> <span class='ocrx_word' id='word_1_376' title='bbox 1320 2335 1412 2375; x_wconf 85' lang='lat' dir='ltr'>(Seu.</span> <span class='ocrx_word' id='word_1_377' title='bbox 1430 2339 1472 2369; x_wconf 87' lang='lat' dir='ltr'>tr.</span> <span class='ocrx_word' id='word_1_378' title='bbox 1489 2345 1544 2369; x_wconf 87' lang='lat' dir='ltr'>an.</span> <span class='ocrx_word' id='word_1_379' title='bbox 1563 2337 1592 2369; x_wconf 86' lang='lat'>·2.</span> <span class='ocrx_word' id='word_1_380' title='bbox 1607 2336 1663 2375; x_wconf 84' lang='grc' dir='ltr'><strong>ιι).</strong></span> <span class='ocrx_word' id='word_1_381' title='bbox 1696 2337 1726 2369; x_wconf 89' lang='lat'>8.</span> <span class='ocrx_word' id='word_1_382' title='bbox 1740 2349 1781 2375; x_wconf 73' lang='lat'>⁴4,</span> 
     </span>
     <span class='ocr_line' id='line_1_43' title="bbox 212 2378 1781 2421; baseline 0 -9"><span class='ocrx_word' id='word_1_383' title='bbox 212 2380 252 2413; x_wconf 90' lang='lat' dir='ltr'>Il.</span> <span class='ocrx_word' id='word_1_384' title='bbox 279 2382 328 2413; x_wconf 88' lang='lat'>18.</span> <span class='ocrx_word' id='word_1_385' title='bbox 342 2388 401 2415; x_wconf 83' lang='lat'>414.</span> <span class='ocrx_word' id='word_1_386' title='bbox 442 2382 471 2413; x_wconf 86' lang='lat'>9.</span> <span class='ocrx_word' id='word_1_387' title='bbox 484 2390 526 2418; x_wconf 77' lang='lat'>37,</span> <span class='ocrx_word' id='word_1_388' title='bbox 551 2380 613 2413; x_wconf 88' lang='lat' dir='ltr'>Od.</span> <span class='ocrx_word' id='word_1_389' title='bbox 636 2383 683 2413; x_wconf 78' lang='grc'>16.</span> <span class='ocrx_word' id='word_1_390' title='bbox 698 2391 754 2415; x_wconf 72' lang='grc'><strong>294.</strong></span> <span class='ocrx_word' id='word_1_391' title='bbox 799 2382 899 2419; x_wconf 54' lang='grc'><strong>1305,</strong></span> <span class='ocrx_word' id='word_1_392' title='bbox 926 2379 962 2412; x_wconf 89' lang='lat'>11.</span> <span class='ocrx_word' id='word_1_393' title='bbox 981 2382 1010 2412; x_wconf 84' lang='grc'>7.</span> <span class='ocrx_word' id='word_1_394' title='bbox 1023 2390 1070 2414; x_wconf 62' lang='grc'>203</span> <span class='ocrx_word' id='word_1_395' title='bbox 1084 2389 1136 2421; x_wconf 86' lang='lat' dir='ltr'>sq.</span> <span class='ocrx_word' id='word_1_396' title='bbox 1161 2397 1201 2401; x_wconf 92' lang='lat'>—</span> <span class='ocrx_word' id='word_1_397' title='bbox 1226 2378 1353 2412; x_wconf 86' lang='lat' dir='ltr'>Satura</span> <span class='ocrx_word' id='word_1_398' title='bbox 1369 2381 1496 2421; x_wconf 85' lang='lat' dir='ltr'>quarta</span> <span class='ocrx_word' id='word_1_399' title='bbox 1513 2379 1661 2421; x_wconf 86' lang='lat' dir='ltr'>parodia</span> <span class='ocrx_word' id='word_1_400' title='bbox 1677 2378 1781 2412; x_wconf 86' lang='lat' dir='ltr'>Statii</span> 
     </span>
     <span class='ocr_line' id='line_1_44' title="bbox 207 2421 1781 2464; baseline -0.001 -8"><span class='ocrx_word' id='word_1_401' title='bbox 207 2422 380 2456; x_wconf 84' lang='lat' dir='ltr'>carminis</span> <span class='ocrx_word' id='word_1_402' title='bbox 397 2423 440 2456; x_wconf 91' lang='lat' dir='ltr'>de</span> <span class='ocrx_word' id='word_1_403' title='bbox 458 2423 551 2457; x_wconf 89' lang='lat' dir='ltr'>bello</span> <span class='ocrx_word' id='word_1_404' title='bbox 560 2423 770 2456; x_wconf 87' lang='lat' dir='ltr'>Germanico</span> <span class='ocrx_word' id='word_1_405' title='bbox 784 2423 975 2464; x_wconf 82' lang='lat' dir='ltr'>conscripti</span> <span class='ocrx_word' id='word_1_406' title='bbox 989 2432 1066 2455; x_wconf 89' lang='lat' dir='ltr'>esse</span> <span class='ocrx_word' id='word_1_407' title='bbox 1080 2424 1237 2464; x_wconf 84' lang='lat' dir='ltr'>putatur.</span> <span class='ocrx_word' id='word_1_408' title='bbox 1264 2421 1457 2455; x_wconf 89' lang='lat' dir='ltr'>Buecheler</span> <span class='ocrx_word' id='word_1_409' title='bbox 1471 2422 1535 2455; x_wconf 83' lang='lat' dir='ltr'>Rh.</span> <span class='ocrx_word' id='word_1_410' title='bbox 1549 2421 1591 2455; x_wconf 84' lang='lat' dir='ltr'>M.</span> <span class='ocrx_word' id='word_1_411' title='bbox 1600 2423 1652 2456; x_wconf 88' lang='lat'>39.</span> <span class='ocrx_word' id='word_1_412' title='bbox 1666 2432 1698 2464; x_wconf 89' lang='lat' dir='ltr'>p.</span> <span class='ocrx_word' id='word_1_413' title='bbox 1708 2424 1781 2456; x_wconf 80' lang='grc'><strong>283.</strong></span> 
     </span>
    </p>

    <p class='ocr_par' dir='ltr' id='par_1_13' title="bbox 201 2464 1783 2724">
     <span class='ocr_line' id='line_1_45' title="bbox 342 2464 1781 2507; baseline 0 -8"><span class='ocrx_word' id='word_1_414' title='bbox 342 2466 375 2506; x_wconf 80' lang='grc'>7)</span> <span class='ocrx_word' id='word_1_415' title='bbox 402 2466 742 2500; x_wconf 86' lang='lat' dir='ltr'>Circumlocutiones</span> <span class='ocrx_word' id='word_1_416' title='bbox 770 2466 924 2500; x_wconf 85' lang='lat' dir='ltr'>maxime</span> <span class='ocrx_word' id='word_1_417' title='bbox 948 2465 1044 2499; x_wconf 89' lang='lat' dir='ltr'>docti</span> <span class='ocrx_word' id='word_1_418' title='bbox 1066 2467 1192 2507; x_wconf 73' lang='lat' dir='ltr'>poetae</span> <span class='ocrx_word' id='word_1_419' title='bbox 1217 2464 1449 2499; x_wconf 83' lang='lat' dir='ltr'>Alexandrini</span> <span class='ocrx_word' id='word_1_420' title='bbox 1478 2465 1696 2499; x_wconf 88' lang='lat' dir='ltr'>adamabant</span> <span class='ocrx_word' id='word_1_421' title='bbox 1724 2475 1781 2500; x_wconf 86' lang='lat' dir='ltr'>eo-</span> 
     </span>
     <span class='ocr_line' id='line_1_46' title="bbox 209 2508 1782 2552; baseline -0.001 -9"><span class='ocrx_word' id='word_1_422' title='bbox 209 2519 361 2552; x_wconf 84' lang='lat' dir='ltr'>rumque</span> <span class='ocrx_word' id='word_1_423' title='bbox 378 2511 584 2550; x_wconf 86' lang='lat' dir='ltr'>sectatores,</span> <span class='ocrx_word' id='word_1_424' title='bbox 601 2512 726 2552; x_wconf 86' lang='lat' dir='ltr'>poetae</span> <span class='ocrx_word' id='word_1_425' title='bbox 744 2510 904 2543; x_wconf 88' lang='lat' dir='ltr'>Romani.</span> <span class='ocrx_word' id='word_1_426' title='bbox 952 2508 1119 2549; x_wconf 87' lang='lat' dir='ltr'>(Norden,</span> <span class='ocrx_word' id='word_1_427' title='bbox 1137 2511 1324 2542; x_wconf 89' lang='lat' dir='ltr'>comment.</span> <span class='ocrx_word' id='word_1_428' title='bbox 1342 2509 1386 2542; x_wconf 90' lang='lat' dir='ltr'>ad</span> <span class='ocrx_word' id='word_1_429' title='bbox 1407 2509 1509 2551; x_wconf 85' lang='lat' dir='ltr'>Verg.</span> <span class='ocrx_word' id='word_1_430' title='bbox 1531 2509 1618 2542; x_wconf 89' lang='lat' dir='ltr'>Aen.</span> <span class='ocrx_word' id='word_1_431' title='bbox 1637 2509 1693 2542; x_wconf 88' lang='lat' dir='ltr'>Vl.</span> <span class='ocrx_word' id='word_1_432' title='bbox 1717 2511 1782 2542; x_wconf 86' lang='grc'>398</span> 
     </span>
     <span class='ocr_line' id='line_1_47' title="bbox 208 2552 1783 2595; baseline 0.001 -11"><span class='ocrx_word' id='word_1_433' title='bbox 208 2563 242 2595; x_wconf 89' lang='lat' dir='ltr'>p.</span> <span class='ocrx_word' id='word_1_434' title='bbox 259 2555 349 2593; x_wconf 80' lang='lat'>235.)</span> <span class='ocrx_word' id='word_1_435' title='bbox 396 2553 535 2592; x_wconf 87' lang='lat' dir='ltr'>Nescio,</span> <span class='ocrx_word' id='word_1_436' title='bbox 559 2562 603 2586; x_wconf 90' lang='lat' dir='ltr'>an</span> <span class='ocrx_word' id='word_1_437' title='bbox 627 2553 781 2586; x_wconf 87' lang='lat' dir='ltr'>formula</span> <span class='ocrx_word' id='word_1_438' title='bbox 805 2554 906 2595; x_wconf 85' lang='lat' dir='ltr'>epica</span> <span class='ocrx_word' id='word_1_439' title='bbox 930 2553 964 2586; x_wconf 89' lang='lat' dir='ltr'>in</span> <span class='ocrx_word' id='word_1_440' title='bbox 991 2552 1184 2586; x_wconf 89' lang='lat' dir='ltr'>ridiculum</span> <span class='ocrx_word' id='word_1_441' title='bbox 1208 2552 1464 2595; x_wconf 88' lang='lat' dir='ltr'>detorqueatur</span> <span class='ocrx_word' id='word_1_442' title='bbox 1486 2555 1517 2586; x_wconf 89' lang='lat'>4.</span> <span class='ocrx_word' id='word_1_443' title='bbox 1545 2553 1601 2586; x_wconf 84' lang='grc'><strong>107</strong></span> <span class='ocrx_word' id='word_1_444' title='bbox 1628 2552 1783 2587; x_wconf 74' lang='lat' dir='ltr'>Montani</span> 
     </span>
     <span class='ocr_line' id='line_1_48' title="bbox 201 2596 1781 2680; baseline 0.001 -6"><span class='ocrx_word' id='word_1_445' title='bbox 201 2596 906 2680; x_wconf 35' lang='lat' dir='ltr'>quoque{geritegl&#39;eicggst.2·(?gnv3ngzoan2s3}</span> <span class='ocrx_word' id='word_1_446' title='bbox 925 2596 1089 2680; x_wconf 39' lang='lat'>2752&#39;1121</span> <span class='ocrx_word' id='word_1_447' title='bbox 1120 2642 1149 2672; x_wconf 85' lang='grc'>6.</span> <span class='ocrx_word' id='word_1_448' title='bbox 1161 2651 1216 2678; x_wconf 83' lang='lat'>503,</span> <span class='ocrx_word' id='word_1_449' title='bbox 1228 2650 1284 2675; x_wconf 75' lang='lat'>660.</span> <span class='ocrx_word' id='word_1_450' title='bbox 1315 2642 1487 2678; x_wconf 67' lang='lat' dir='ltr'>10.34,³1s.</span> <span class='ocrx_word' id='word_1_451' title='bbox 1515 2641 1633 2674; x_wconf 77' lang='lat'>12.119.</span> <span class='ocrx_word' id='word_1_452' title='bbox 1663 2640 1781 2676; x_wconf 81' lang='lat'>13.112·</span> 
     </span>
     <span class='ocr_line' id='line_1_49' title="bbox 208 2683 983 2724; baseline -0.004 -6"><span class='ocrx_word' id='word_1_453' title='bbox 208 2686 262 2718; x_wconf 85' lang='lat'>14.</span> <span class='ocrx_word' id='word_1_454' title='bbox 275 2695 316 2720; x_wconf 78' lang='lat'>20.</span> <span class='ocrx_word' id='word_1_455' title='bbox 347 2687 395 2718; x_wconf 86' lang='lat'>16.</span> <span class='ocrx_word' id='word_1_456' title='bbox 408 2696 440 2720; x_wconf 75' lang='grc'>20</span> <span class='ocrx_word' id='word_1_457' title='bbox 465 2683 516 2724; x_wconf 85' lang='grc' dir='ltr'>(Ε.</span> <span class='ocrx_word' id='word_1_458' title='bbox 542 2683 678 2724; x_wconf 85' lang='lat' dir='ltr'>Weber,</span> <span class='ocrx_word' id='word_1_459' title='bbox 702 2686 744 2717; x_wconf 90' lang='lat' dir='ltr'>st.</span> <span class='ocrx_word' id='word_1_460' title='bbox 772 2684 804 2716; x_wconf 88' lang='lat' dir='ltr'>L.</span> <span class='ocrx_word' id='word_1_461' title='bbox 830 2684 868 2716; x_wconf 91' lang='lat' dir='ltr'>X.</span> <span class='ocrx_word' id='word_1_462' title='bbox 898 2684 983 2724; x_wconf 82' lang='grc'><strong>185).</strong></span> 
     </span>
    </p>

    <p class='ocr_par' dir='ltr' id='par_1_14' title="bbox 341 2726 1701 2769">
     <span class='ocr_line' id='line_1_50' title="bbox 341 2726 1701 2769; baseline 0 -8"><span class='ocrx_word' id='word_1_463' title='bbox 341 2729 375 2768; x_wconf 92' lang='grc'>9)</span> <span class='ocrx_word' id='word_1_464' title='bbox 400 2727 515 2761; x_wconf 85' lang='lat' dir='ltr'>Zeller</span> <span class='ocrx_word' id='word_1_465' title='bbox 539 2727 579 2761; x_wconf 83' lang='lat' dir='ltr'>Il.</span> <span class='ocrx_word' id='word_1_466' title='bbox 609 2726 723 2762; x_wconf 80' lang='lat'>1⁴.330.</span> <span class='ocrx_word' id='word_1_467' title='bbox 749 2726 926 2763; x_wconf 78' lang='lat'>1111³.32³.</span> <span class='ocrx_word' id='word_1_468' title='bbox 972 2727 1016 2760; x_wconf 81' lang='lat' dir='ltr'>cf.</span> <span class='ocrx_word' id='word_1_469' title='bbox 1042 2726 1083 2760; x_wconf 89' lang='lat' dir='ltr'>H.</span> <span class='ocrx_word' id='word_1_470' title='bbox 1109 2726 1236 2761; x_wconf 86' lang='lat' dir='ltr'>Weber</span> <span class='ocrx_word' id='word_1_471' title='bbox 1259 2727 1310 2760; x_wconf 72' lang='lat'>28.</span> <span class='ocrx_word' id='word_1_472' title='bbox 1335 2727 1386 2760; x_wconf 86' lang='lat'>50.</span> <span class='ocrx_word' id='word_1_473' title='bbox 1411 2726 1508 2768; x_wconf 90' lang='lat' dir='ltr'>(Hor.</span> <span class='ocrx_word' id='word_1_474' title='bbox 1533 2736 1588 2769; x_wconf 88' lang='lat' dir='ltr'>ep.</span> <span class='ocrx_word' id='word_1_475' title='bbox 1613 2726 1637 2760; x_wconf 90' lang='lat'>1.</span> <span class='ocrx_word' id='word_1_476' title='bbox 1655 2727 1701 2767; x_wconf 82' lang='lat'>2).</span> 
     </span>
    </p>
   </div>
  </div>
 </body>
</html>
