1980 3097
874 108 1116 147 -100—

206 238 376 290 planitas
401 238 582 277 efficitur.
633 238 686 277 At
711 238 907 278 interdum
936 239 1196 291 paratacticus
1217 239 1312 278 ordo
1339 240 1635 288 sententiarum,
1661 253 1776 291 quem

207 294 366 343 quidem
407 307 545 331 omnes
583 298 722 344 poetae
763 307 810 331 ex
849 294 1014 345 Vergilii
1053 295 1295 345 temporibus
1330 294 1501 344 periodis
1536 294 1778 344 longioribus

206 347 505 398 anteponunt1)‚
542 347 697 386 dicendi
734 348 927 386 rationem
963 349 1196 387 concitatam
1234 349 1373 387 reddit.
1432 347 1532 387 Cum
1562 349 1777 387 secundum

207 403 366 452 regulas
387 403 666 452 grammaticas
687 402 750 439 vel
775 402 924 452 logicas
946 403 1215 442 subordinatio
1242 403 1457 453 exspectari
1485 404 1619 453 possit,
1646 407 1779 442 noster

206 456 315 494 illum
360 461 480 502 tenet,
525 460 567 494 ut
610 469 737 507 pauca
779 457 942 495 afferam
984 458 1174 509 exempla,
1221 458 1322 505 l.74,
1360 456 1419 495 13.
1435 468 1488 505 91,
1527 456 1676 507 10.147‚
1703 468 1776 500 154.

207 510 331 550 Porro
371 511 576 550 collocatio
606 510 831 559 verborum,
871 525 974 563 quae
1004 526 1027 551 a
1057 513 1229 564 priorum
1268 516 1473 563 poetarum
1503 511 1662 551 licentia
1698 525 1777 551 non

206 566 299 604 nihil
339 566 516 614 discedit,
554 566 759 616 vulgarem
797 579 1021 605 sermonem
1060 565 1211 618 sapit.'-')
1269 566 1440 604 Omnino
1476 565 1694 615 Juvenalis,
1736 570 1779 605 ut
1818 582 1821 583 ⁷

204 619 318 659 decet
361 620 575 669 satiricum,
625 620 843 659 orationem
887 634 1049 673 perraro
1093 622 1142 661 ad
1185 620 1353 660 sublime
1402 624 1605 672 poetarum
1653 634 1778 673 genus

205 676 360 714 dicendi
391 675 675 723 accommodat,
707 679 749 713 ut
777 676 948 726 suspicio
979 678 1128 715 oriatur
1157 690 1246 714 eum
1278 689 1425 714 morem
1457 675 1777 727 philosophorum

205 730 451 781 populariter
494 729 800 768 declamantium
844 730 892 768 de
936 731 1129 770 industria
1173 731 1367 770 imitatum
1411 743 1509 779 esse,
1556 731 1631 784 nisi
1676 731 1778 770 forte

204 785 336 824 nescio
375 799 473 836 quas
508 785 697 823 diatribas
733 786 940 837 exscripsit
974 791 1013 825 et
1047 787 1244 825 interdum
1281 786 1430 825 auctori
1465 786 1513 824 ad
1544 786 1707 825 verbum
1736 799 1778 825 se

204 839 431 891 applicavit.
492 840 607 883 Quod
648 853 695 879 eo
736 840 979 891 probabilius
1023 841 1191 891 videtur,
1229 854 1306 891 quo
1341 840 1466 892 magis
1505 844 1778 892 computamus

204 895 395 941 convicia,
426 908 528 946 quae
561 899 691 933 noster
722 894 817 932 facit
852 895 900 933 de
931 909 1082 933 morum
1113 895 1349 946 corruptela,
1386 896 1515 933 minus
1548 896 1587 934 in
1617 895 1775 934 Traiani

204 953 243 987 et
272 949 468 988 Hadriani
501 954 678 1000 tempora
707 962 826 999 quam
855 950 894 986 in
926 950 1096 1000 priorem
1126 954 1294 987 aetatem
1326 949 1532 1000 quadrare.
1543 948 1574 999 3)

337 1003 547 1055 Reliquum
569 1008 640 1052 est,
671 1006 716 1042 ut
737 1003 921 1055 copiam
942 1004 1189 1042 verborum
1210 1004 1497 1055 perquiramus,
1527 1017 1645 1055 quam
1672 1004 1777 1056 apud

204 1062 361 1109 poetam
383 1058 583 1097 satiricum
608 1059 777 1096 maxime
798 1059 1035 1097 cotidianam
1059 1059 1180 1096 vitam
1196 1059 1374 1097 redolere
1392 1072 1467 1097 non
1484 1059 1685 1097 miramur.
1731 1059 1777 1097 In

204 1113 447 1165 philosophis
467 1117 599 1152 autem
620 1113 798 1152 diatribis
818 1113 1012 1152 voeabula
1036 1113 1081 1152 fo
1092 1126 1189 1151 rma
1214 1113 1399 1165 vulgari
1428 1117 1466 1152 et
1491 1113 1778 1164 significatione

204 1181 281 1206 non
311 1168 442 1207 minus
479 1168 622 1206 usitata
660 1181 746 1206 esse
775 1168 972 1206 Henricus
1002 1167 1148 1205 Weber
1185 1168 1396 1217 explicavit
1425 1168 1571 1216 8-12,
1610 1168 1661 1206 34
1691 1181 1776 1218 sqq.

202 1222 260 1260 Ac
283 1222 452 1273 primum
474 1222 674 1274 popularis
695 1221 803 1261 color
821 1221 1004 1261 dictionis
1024 1221 1330 1261 deminutivis
1351 1222 1614 1272 cognoscitur,
1634 1221 1777 1274 quibus

203 1280 360 1316 saturae
376 1277 401 1316 J
405 1278 582 1316 uvenalis
596 1277 829 1315 redundant.
839 1275 871 1324 4)
901 1277 1113 1316 Praeterea
1127 1290 1148 1314 e
1162 1290 1343 1316 sermone
1356 1277 1551 1316 cotidiano
1565 1276 1601 1316 G
1611 1290 1777 1316 raecae

202 1344 341 1369 voces
382 1336 562 1382 sumptae
601 1335 703 1378 sunt,
743 1344 841 1382 quas
877 1332 923 1369 A.
955 1331 1069 1369 Thiel
1104 1330 1311 1382 collegit.⁵)
1370 1331 1525 1370 Deinde
1562 1331 1780 1383 vulgariter

179 1390 294 1425 ‘sunt
321 1386 493 1426 formata
522 1387 683 1426 nomina
714 1386 836 1425 multa
863 1386 1082 1425 desinentia
1101 1386 1141 1425 in
1172 1400 1297 1434 -osus,
1323 1390 1530 1434 -mentum,
1562 1387 1687 1425 -arius
1713 1387 1778 1425 vel

202 1442 321 1490 orius,
352 1442 473 1490 -bilis,
505 1455 589 1479 -eus
618 1440 848 1488 -bundus6)‚
878 1442 1000 1479 verba
1028 1441 1224 1479 intensiva
1254 1445 1293 1479 et
1320 1441 1544 1479 incohativa
1569 1445 1608 1479 et
1635 1442 1776 1479 transi—

203 1495 283 1534 tiva
314 1495 534 1534 desinentia
564 1496 601 1534 in
633 1508 733 1544 -are,
764 1508 865 1546 quae
896 1496 1050 1534 detorta
1080 1499 1171 1533 sunt
1196 1508 1219 1534 a
1250 1493 1527 1543 nominibus‚⁷)
1558 1495 1777 1547 participia,

205 1564 319 1602 quae,
350 1564 439 1589 cum
470 1551 592 1590 verba
621 1550 913 1598 desiderentur,
943 1551 1226 1589 adiectivorum
1254 1550 1359 1589 vices
1389 1551 1593 1589 sustinent.

335 1616 413 1653 Sed
465 1629 554 1654 cum
598 1615 736 1666 lingua
779 1615 920 1654 Latina
962 1615 1169 1654 Juvenalis
1216 1619 1345 1654 aetate
1394 1615 1471 1653 alia
1513 1619 1616 1654 esset
1659 1619 1776 1666 atque

203 1668 406 1708 Ciceronis
426 1669 669 1721 temporibus
690 1673 729 1708 et
747 1670 886 1709 eadem
907 1674 975 1709 aut
1000 1670 1143 1709 similia
1163 1670 1356 1708 voeabula
1377 1683 1400 1708 a
1418 1669 1590 1721 Vergilio
1612 1670 1776 1722 aliisque

202 1724 329 1775 poetis
360 1729 657 1776 usurparentur,
687 1725 817 1775 potius
847 1738 966 1776 quam
994 1739 1041 1763 ex
1068 1725 1195 1764 forma
1216 1725 1426 1763 verborum
1453 1738 1582 1763 sermo
1602 1726 1778 1776 vulgaris

202 1792 223 1816 e
254 1779 541 1829 significatione
580 1780 842 1830 cognoscitur.
899 1779 1046 1828 Ingens
1085 1779 1187 1830 apud
1225 1779 1459 1817 Juvenalem
1497 1783 1557 1818 est
1590 1792 1777 1818 numerus

205 1834 422 1882 nominum,
460 1847 562 1885 quae
599 1834 796 1885 pertinent
831 1834 881 1872 ad
911 1834 1022 1873 varia
1050 1834 1255 1873 hominum
1290 1834 1419 1872 studia
1448 1837 1487 1871 et
1515 1835 1684 1884 negotia,
1726 1835 1776 1873 ad

202 1889 337 1925 luxum
380 1889 545 1926 vestitus
584 1893 623 1926 et
660 1888 927 1939 supellectilis,
957 1889 1007 1926 ad
1044 1888 1264 1926 cenandum
1303 1892 1341 1926 et
1370 1887 1636 1927 helluandum.
1695 1888 1776 1927 Nec

201 1943 284 1980 fieri
313 1943 454 1993 potuit,
482 1943 575 1994 quin
606 1943 703 1980 haec
729 1942 862 1981 omnia
887 1947 1004 1993 poeta
1031 1955 1100 1981 suo
1129 1943 1285 1981 nomine
1305 1942 1500 1993 proferret
1526 1956 1596 1982 nec
1618 1943 1777 1982 sordida

201 1997 394 2036 vocabula
425 1997 712 2036 reformidaret.
728 1996 762 2046 8)
818 1996 918 2035 Nam

379 2073 574 2122 quidquid
603 2075 729 2123 ayunt
758 2072 944 2123 homines,
973 2075 1114 2120 votum,
1146 2070 1275 2121 timor,
1304 2072 1381 2120 ira,
1411 2072 1592 2123 voluptas

376 2128 527 2178 ,qaudia
558 2127 768 2176 discursus,
798 2127 926 2167 nostri
953 2127 1118 2178 farrayo
1146 2126 1264 2166 libelli
1292 2129 1355 2166 est.
1409 2128 1442 2166 1.
1460 2138 1512 2170 85.

337 2270 368 2308 l)
394 2269 503 2310 Kroll,
530 2269 591 2302 llb.
618 2278 708 2302 neue
731 2268 855 2302 Jahrb.
885 2268 938 2301 xl.
964 2270 1016 2301 23.

337 2312 370 2351 2)
396 2312 503 2345 Kiaer
531 2314 656 2346 18-‹30
680 2312 835 2353 (48-60,
864 2314 912 2352 19,
937 2313 978 2345 26
1003 2312 1095 2353 sq.!).

334 2356 369 2395 3)
393 2355 572 2389 Nimirum
608 2355 643 2389 id
680 2357 820 2389 tantum
857 2356 892 2389 in
925 2363 1156 2398 personarum
1187 2355 1332 2390 nomina
1369 2355 1477 2398 cadit,
1512 2366 1592 2390 cum
1627 2356 1776 2400 imperio

202 2399 403 2441 principum
438 2400 591 2442 pristina
628 2410 764 2433 morum
801 2400 992 2441 integritas
1027 2409 1097 2434 non
1133 2400 1274 2432 restitui
1309 2402 1440 2441 posset.
1479 2401 1533 2440 (A.
1558 2401 1622 2434 Th.
1645 2401 1775 2442 Christ,

200 2443 289 2477 iiber
313 2443 371 2476 die
396 2444 460 2476 Art
484 2454 516 2476 u.
541 2443 708 2476 Tendenz
732 2443 797 2476 der
819 2443 947 2476 Juven.
974 2442 1278 2476 Personenkritik.
1327 2443 1533 2477 Landskron
1563 2444 1670 2484 1881).

332 2486 366 2526 4)
391 2486 435 2520 ef.
461 2486 554 2520 Frdl.
580 2488 768 2521 comment.
793 2486 838 2520 ad
866 2489 956 2526 l.11;
981 2487 1013 2520 3.
1032 2490 1091 2520 149.

333 2531 367 2570 5)
391 2530 577 2564 Juvenalis
594 2532 829 2572 graecissans.
869 2531 1014 2564 Vratisl.
1035 2532 1127 2563 1901.
1178 2531 1222 2565 ct'.
1243 2531 1350 2564 Kiaer
1374 2533 1436 2565 277
1459 2541 1511 2573 sq.
1533 2532 1774 2574 Rauschning,

201 2575 245 2607 de
271 2575 427 2608 Senecae
450 2575 630 2607 latinitate
653 2577 705 2607 45.

332 2617 366 2657 6)
386 2617 429 2651 ct.
441 2617 611 2657 Paucker,
626 2617 857 2652 Vorarbeiten
876 2627 939 2652 zur
955 2617 1359 2660 latein.Sp1-achgesch.‚
1378 2618 1466 2653 Berl.
1478 2621 1569 2653 1884.
1586 2618 1596 2652 1
1616 2620 1655 2652 27
1668 2629 1719 2662 sq.
1733 2619 1774 2653 ΙΙ.

333 2664 366 2697 7)
392 2669 437 2694 cI.
461 2661 622 2694 Paucker
648 2662 674 2694 Π
701 2663 743 2694 48
769 2672 846 2703 sqq.

331 2706 366 2744 8)
391 2705 434 2738 cf.
462 2705 500 2738 Π.
526 2705 652 2739 Weber
674 2708 692 2737 9
717 2716 769 2747 sq.
794 2704 1054 2745 (Wachsmuth,
1078 2705 1211 2747 sillogr.
1237 2705 1307 2738 Gt.
1333 2705 1398 2742 76).
